Details,Posting Date,Description,Amount,Type,Balance,Check or Slip #
DEBIT,07/07/2017,"POS DEBIT                TRACFONE    *AIRTIME      TRACFONE.COM FL",-10.00,MISC_DEBIT, ,,
DEBIT,07/07/2017,"POS DEBIT                TRACFONE    *AIRTIME      TRACFONE.COM FL",-10.00,MISC_DEBIT, ,,
CREDIT,07/07/2017,"Online Transfer 6346404208 from One Community FCU ####9000 transaction #: 6346404208 07/07",300.00,ACCT_XFER, ,,
DEBIT,07/07/2017,"POS DEBIT                MEDEXPRESS UC S PARKERB  PARKERSBURG   WV",-35.00,MISC_DEBIT, ,,
DEBIT,07/07/2017,"POS DEBIT                SQ *STOKED COFFEE, LLC   MARIETTA      OH",-9.80,MISC_DEBIT, ,,
DEBIT,07/07/2017,"POS DEBIT                Third Street Deli - Par  PARKERSBURG   WV",-8.51,MISC_DEBIT, ,,
DEBIT,07/06/2017,"JCPenney CC      JCP EPAY   1351562434      WEB ID: 9069872103",-25.00,ACH_DEBIT,655.12,,
DEBIT,07/06/2017,"DOLLAR TR 220 GIHON VL PARKERSBURG WV        07/06",-29.47,DEBIT_CARD,680.12,,
DEBIT,07/06/2017,"WE LUV PETS - MARI MARIETTA OH       304365  07/06",-33.22,DEBIT_CARD,709.59,,
DEBIT,07/05/2017,"WM SUPERC Wal-Mart S PARKERSBURG ( WV        07/05",-23.89,DEBIT_CARD,742.81,,
DEBIT,07/05/2017,"PAT CATANS 34 PARKERSB PARKERSBURG WV063076  07/05",-29.54,DEBIT_CARD,766.70,,
DEBIT,07/05/2017,"WM SUPERC Wal-Mart Sup VIENNA WV             07/04",-118.94,DEBIT_CARD,796.24,,
DEBIT,07/05/2017,"Payment to Chase card ending in 7433 07/05",-119.00,ACCT_XFER,915.18,,
DEBIT,07/05/2017,"DISCOUNT POOL SUPPLY PARKERSBURG WV          07/03",-27.54,DEBIT_CARD,1034.18,,
DEBIT,07/03/2017,"Wal-Mart Super Center VIENNA WV              07/03",-30.18,DEBIT_CARD,1061.72,,
DEBIT,07/03/2017,"CVS/PHARM 06276--220 G PARKERSBURG WV        07/03",-9.73,DEBIT_CARD,1091.90,,
DEBIT,07/03/2017,"PAT CATANS 34 PARKERSB PARKERSBURG WV767893  07/03",-34.87,DEBIT_CARD,1101.63,,
DEBIT,07/03/2017,"SHELL OIL 57444964100 PARKERSBURG WV         07/02",-20.04,DEBIT_CARD,1136.50,,
DEBIT,07/03/2017,"KROGER    930 DIVISON PARKERSBURG WV         07/02",-72.54,DEBIT_CARD,1156.54,,
DEBIT,07/03/2017,"GIHON VILLAGE FOODLAND PARKERSBURG WV045616  07/02",-10.97,DEBIT_CARD,1229.08,,
DEBIT,07/03/2017,"Online Payment 6336930359 To DOMINION HOPE 07/03",-22.95,BILLPAY,1240.05,,
DEBIT,07/03/2017,"Online Transfer 6336638341 to One Community FCU ####9000 transaction #: 6336638341 07/03",-725.00,ACCT_XFER,1263.00,,
DEBIT,07/03/2017,"Payment to Chase card ending in 2079 07/03",-25.00,ACCT_XFER,1988.00,,
CREDIT,07/03/2017,"AGRI TREAS 310     FED SAL                  PPD ID: 9101036009",1985.80,ACH_CREDIT,2013.00,,
DEBIT,06/29/2017,"KOOL EATS LLC PARKERSBURG WV                 06/27",-9.90,DEBIT_CARD,27.20,,
DEBIT,06/28/2017,"SQ *HOTDOG WILLYS MINERAL WELLS WV           06/28",-7.00,DEBIT_CARD,37.10,,
DEBIT,06/28/2017,"DUNKIN #350517 Q35 PARKERSBURG WV            06/27",-3.19,DEBIT_CARD,44.10,,
DEBIT,06/27/2017,"BLIZZARD ENT*WOW SUB BLIZZARD.COM CA         06/26",-14.99,DEBIT_CARD,47.29,,
DEBIT,06/27/2017,"PAYPAL *NETFLIX.COM 402-935-7733 CA          06/26",-9.99,DEBIT_CARD,62.28,,
CREDIT,06/27/2017,"ATM CASH DEPOSIT 06/27 321 MAIN ST BELPRE OH",40.00,ATM,72.27,,
DEBIT,06/26/2017,"PAYMENT FOR AMZ  STORECARD  1342871469      WEB ID: 9069872103",-35.00,ACH_DEBIT,32.27,,
DEBIT,06/26/2017,"GOODWILL KV VIENNA 3 VIENNA WV       732468  06/26",-8.54,DEBIT_CARD,67.27,,
DEBIT,06/26/2017,"PAT CATANS 34 PARKERSB PARKERSBURG WV638655  06/25",-26.62,DEBIT_CARD,75.81,,
DEBIT,06/26/2017,"SHELL OIL 57444964100 PARKERSBURG WV         06/24",-20.00,DEBIT_CARD,102.43,,
DEBIT,06/26/2017,"Wal-Mart Super Cente PARKERSBURG ( WV        06/24",-21.44,DEBIT_CARD,122.43,,
DEBIT,06/26/2017,"SQ *NSK SALES Parkersburg WV                 06/23",-42.80,DEBIT_CARD,143.87,,
DEBIT,06/26/2017,"MCDONALD'S F2676 PARKERSBURG WV              06/23",-7.37,DEBIT_CARD,186.67,,
DEBIT,06/23/2017,"Lowes CC         LWS EPAY   1342069933      WEB ID: 9069872103",-27.00,ACH_DEBIT,194.04,,
DEBIT,06/23/2017,"Online Payment 6317616979 To MONONGAHELA POWER 06/23",-195.92,BILLPAY,221.04,,
DEBIT,06/23/2017,"SUBWAY        00467282 PARKERSBURG WV        06/22",-12.71,DEBIT_CARD,416.96,,
CREDIT,06/23/2017,"CAPITAL ONE N.A. CAPITALONE                 PPD ID: 1510394779",100.00,ACH_CREDIT,429.67,,
DEBIT,06/22/2017,"SUDDENLINK COMMUNICTN 304-343-3343 MO        06/22",-94.71,DEBIT_CARD,329.67,,
DEBIT,06/22/2017,"CVS/PHARMACY #06276 PARKERSBURG WV           06/21",-60.18,DEBIT_CARD,424.38,,
DEBIT,06/21/2017,"CBS ALL ACCESS 888-274-5343 CA               06/19",-9.99,DEBIT_CARD,484.56,,
DEBIT,06/21/2017,"Wal-Mart Super Cente PARKERSBURG ( WV        06/21",-13.78,DEBIT_CARD,494.55,,
DEBIT,06/21/2017,"CRICUT 877-343-2881 UT                       06/19",-9.99,DEBIT_CARD,508.33,,
DEBIT,06/21/2017,"AMAZON MKTPLACE PMTS AMZN.COM/BILL WA        06/20",9.63,DEBIT_CARD,518.32,,
DEBIT,06/20/2017,"Online Transfer 6308556561 to One Community FCU ####9000 transaction #: 6308556561 06/20",-400.00,ACCT_XFER,508.69,,
DEBIT,06/20/2017,"TRACFONE    *AIRTIME TRACFONE.COM FL         06/20",-10.86,DEBIT_CARD,908.69,,
DEBIT,06/20/2017,"TRACFONE    *AIRTIME TRACFONE.COM FL         06/20",-10.86,DEBIT_CARD,919.55,,
DEBIT,06/20/2017,"TRACFONE    *AIRTIME TRACFONE.COM FL         06/20",-10.86,DEBIT_CARD,930.41,,
DEBIT,06/20/2017,"WALMART.COM 800966654 800-966-6546 AR        06/19",-16.95,DEBIT_CARD,941.27,,
DEBIT,06/20/2017,"AMAZON MKTPLACE PMTS AMZN.COM/BILL WA        06/20",-179.89,DEBIT_CARD,958.22,,
DEBIT,06/20/2017,"AMAZON MKTPLACE PMTS AMZN.COM/BILL WA        06/19",-15.47,DEBIT_CARD,1138.11,,
DEBIT,06/19/2017,"Online Payment 6307806944 To City of Parkersburg 06/19",-26.29,BILLPAY,1153.58,,
DEBIT,06/19/2017,"Online Payment 6307806906 To PARKERSBURG UTILITY WV 06/19",-91.71,BILLPAY,1179.87,,
DEBIT,06/19/2017,"DOLLAR TR 220 GIHON VL PARKERSBURG WV        06/19",-6.42,DEBIT_CARD,1271.58,,
DEBIT,06/19/2017,"SALLY BEAUTY #06 704 G VIENNA WV     926971  06/18",-37.83,DEBIT_CARD,1278.00,,
DEBIT,06/19/2017,"WM SUPERC Wal-Mart Sup VIENNA WV             06/18",-175.04,DEBIT_CARD,1315.83,,
DEBIT,06/19/2017,"SAM'S Club VIENNA WV                         06/18",-100.33,DEBIT_CARD,1490.87,,
DEBIT,06/19/2017,"AMAZON MKTPLACE PMTS AMZN.COM/BILL WA        06/19",-2.10,DEBIT_CARD,1591.20,,
DEBIT,06/19/2017,"AMAZON MKTPLACE PMTS AMZN.COM/BILL WA        06/18",-29.54,DEBIT_CARD,1593.30,,
DEBIT,06/19/2017,"AMAZON MKTPLACE PMTS AMZN.COM/BILL WA        06/19",-9.22,DEBIT_CARD,1622.84,,
DEBIT,06/19/2017,"FAMILY DOLLAR # PARKERSBURG WV               06/17",-21.40,DEBIT_CARD,1632.06,,
DEBIT,06/19/2017,"SOUTHWOOD ANIMAL HOSPI PARKERSBURG WV        06/17",-16.00,DEBIT_CARD,1653.46,,
CREDIT,06/19/2017,"AGRI TREAS 310     FED SAL                  PPD ID: 9101036009",1623.84,ACH_CREDIT,1669.46,,
DEBIT,06/16/2017,"MOTORISTS INSURA INS PREM                   PPD ID: 1314259550",-227.01,ACH_DEBIT,45.62,,
DEBIT,06/16/2017,"CAPTAIN HOOKS ADVENTU MYRTLE BEACH SC        06/15",-33.00,DEBIT_CARD,272.63,,
CREDIT,06/16/2017,"ATM CASH DEPOSIT 06/16 321 MAIN ST BELPRE OH",60.00,ATM,305.63,,
DEBIT,06/15/2017,"NON-CHASE ATM FEE-WITH",-2.50,FEE_TRANSACTION,245.63,,
DEBIT,06/15/2017,"NON-CHASE ATM WITHDRAW               124243  06/1510108 KIN",-103.00,ATM,248.13,,
DEBIT,06/15/2017,"HOBBYLOBBY 1430 US HI NORTH MYRTLE SC731852  06/15",-36.63,DEBIT_CARD,351.13,,
DEBIT,06/15/2017,"PUBLIX SUPER MAR 1576 NORTH MYRTLE SC        06/15 Purchase $11.53 Cash Back $20.00",-31.53,DEBIT_CARD,387.76,,
DEBIT,06/15/2017,"MARSHALLS 10816 KINGS MYRTLE BEACH SC        06/15",-17.24,DEBIT_CARD,419.29,,
DEBIT,06/15/2017,"CVS/PHARMACY #07396 N MYRTLE BEAC SC         06/14",-14.40,DEBIT_CARD,436.53,,
DEBIT,06/15/2017,"CRAB CATCHERS LITTLE RIVER SC                06/14",-122.60,DEBIT_CARD,450.93,,
DEBIT,06/15/2017,"TRACFONE    *AIRTIME TRACFONE.COM FL         06/15",-10.00,DEBIT_CARD,573.53,,
DEBIT,06/14/2017,"CVS/PHARM 07396--101 N MYRTLE BEAC SC        06/14",-15.06,DEBIT_CARD,583.53,,
DEBIT,06/14/2017,"BARGAIN BEACHWEAR #10 NORTH MYRTLE SC025670  06/14",-19.30,DEBIT_CARD,598.59,,
DEBIT,06/14/2017,"KRISPY KREME #547 N. MYRTLE BEA SC           06/13",-19.87,DEBIT_CARD,617.89,,
DEBIT,06/14/2017,"KRISPY KREME #546 MYRTLE BEACH SC            06/13",-12.99,DEBIT_CARD,637.76,,
DEBIT,06/14/2017,"PUREFLIX.COM 844-426-3549 AZ                 06/13",-10.99,DEBIT_CARD,650.75,,
CREDIT,06/14/2017,"Online Transfer 6290678714 from One Community FCU ####9000 transaction #: 6290678714 06/14",400.00,ACCT_XFER,661.74,,
DEBIT,06/13/2017,"Wal-Mart Super Center MYRTLE BEACH SC        06/13",-37.56,DEBIT_CARD,261.74,,
DEBIT,06/09/2017,"WalMart CC       WM EPAY    1331816957      WEB ID: 9069872103",-35.00,ACH_DEBIT,299.30,,
DEBIT,06/09/2017,"BARCLAYCARD US   CREDITCARD 460586003       WEB ID: 2510407970",-44.49,ACH_DEBIT,334.30,,
DEBIT,06/09/2017,"TRACFONE    *AIRTIME TRACFONE.COM FL         06/09",-10.00,DEBIT_CARD,378.79,,
DEBIT,06/08/2017,"CAPITAL ONE      ONLINE PMT 715939919324695 WEB ID: 9279744991",-25.00,ACH_DEBIT,388.79,,
DEBIT,06/08/2017,"CAPITAL ONE      ONLINE PMT 715939919324694 WEB ID: 9279744991",-25.00,ACH_DEBIT,413.79,,
DEBIT,06/08/2017,"BURGER KING #12920 PARKERSBURG WV            06/06",-9.29,DEBIT_CARD,438.79,,
CREDIT,06/08/2017,"Online Transfer 6276076007 from One Community FCU ####9000 transaction #: 6276076007 06/08",200.00,ACCT_XFER,448.08,,
DEBIT,06/07/2017,"BARCLAYCARD US   CREDITCARD 460056199       WEB ID: 2510407970",-27.00,ACH_DEBIT,248.08,,
DEBIT,06/07/2017,"KOHL'S DEPT STRS CHG PYMT   043000098265194 WEB ID: 9044021343",-27.00,ACH_DEBIT,275.08,,
DEBIT,06/07/2017,"CABELAS VISA     PAYMENTS                   WEB ID: 2470839081",-99.00,ACH_DEBIT,302.08,,
DEBIT,06/07/2017,"QUICKEN LOANS    MTG PYMTS  3357858229      WEB ID: 9112356513",-670.35,ACH_DEBIT,401.08,,
DEBIT,06/07/2017,"Wal-Mart Super Cente PARKERSBURG ( WV        06/07",-33.76,DEBIT_CARD,1071.43,,
DEBIT,06/07/2017,"BLIZZARD ENT*WOW SUB BLIZZARD.COM CA         06/06",-14.99,DEBIT_CARD,1105.19,,
DEBIT,06/07/2017,"1875 Great Clips at Ma PARKERSBURG WV        06/06",-35.00,DEBIT_CARD,1120.18,,
DEBIT,06/06/2017,"JCPenney CC      JCP EPAY   1330238717      WEB ID: 9069872103",-25.00,ACH_DEBIT,1155.18,,
DEBIT,06/06/2017,"TRACTOR SUPPLY # 101 T PARKERSBURG WV928298  06/06",-15.89,DEBIT_CARD,1180.18,,
DEBIT,06/06/2017,"Payment to Chase card ending in 7433 06/06",-116.00,ACCT_XFER,1196.07,,
DEBIT,06/06/2017,"DAIRY QUEEN #13177 PARKERSBURG WV            06/05",-10.90,DEBIT_CARD,1312.07,,
DEBIT,06/06/2017,"KROGER FUEL #3753 PARKERSBURG WV             06/05",-35.16,DEBIT_CARD,1322.97,,
DEBIT,06/05/2017,"CVS/PHARM 06276--220 G PARKERSBURG WV        06/04",-30.00,DEBIT_CARD,1358.13,,
DEBIT,06/05/2017,"WM SUPERC Wal-Mart S PARKERSBURG ( WV        06/04",-79.90,DEBIT_CARD,1388.13,,
DEBIT,06/05/2017,"FIREHOUSE SUBS #73 VIENNA WV                 06/03",-13.25,DEBIT_CARD,1468.03,,
DEBIT,06/05/2017,"DOLLAR TR 220 GIHON VL PARKERSBURG WV        06/03",-11.35,DEBIT_CARD,1481.28,,
CREDIT,06/05/2017,"AGRI TREAS 310     FED SAL                  PPD ID: 9101036009",1466.62,ACH_CREDIT,1492.63,,
DEBIT,06/01/2017,"BATH & BODY WORKS 0519 PARKERSBURG WV364837  06/01",-3.75,DEBIT_CARD,26.01,,
DEBIT,06/01/2017,"SONIC DRIVE IN #5849 PARKERSBURG WV          05/31",-30.13,DEBIT_CARD,29.76,,
DEBIT,05/31/2017,"MCDONALD'S F3615 PARKERSBURG WV              05/30",-1.61,DEBIT_CARD,59.89,,
DEBIT,05/30/2017,"DOLLAR TR 130 PARK CEN PARKERSBURG WV        05/30",-9.56,DEBIT_CARD,61.50,,
DEBIT,05/30/2017,"BIG LOTS STORES 270 PA PARKERSBURG WV764875  05/30",-7.54,DEBIT_CARD,71.06,,
DEBIT,05/30/2017,"SUBWAY        03105343 LANCASTER OH          05/29",-10.36,DEBIT_CARD,78.60,,
DEBIT,05/30/2017,"MCDONALD'S F3615 PARKERSBURG WV              05/29",-4.70,DEBIT_CARD,88.96,,
DEBIT,05/30/2017,"DAIRY QUEEN #13177 PARKERSBURG WV            05/28",-7.47,DEBIT_CARD,93.66,,
DEBIT,05/30/2017,"TIM HORTON'S #919353 PARKERSBURG WV          05/27",-7.48,DEBIT_CARD,101.13,,
DEBIT,05/30/2017,"PAYPAL *NETFLIX.COM 402-935-7733 CA          05/27",-9.99,DEBIT_CARD,108.61,,
DEBIT,05/30/2017,"DAIRY QUEEN #10420 RIPLEY WV                 05/26",-6.75,DEBIT_CARD,118.60,,
DEBIT,05/26/2017,"SPEEDWAY 09381 PAR PARKERSBURG WV            05/25",-15.02,DEBIT_CARD,125.35,,
DEBIT,05/26/2017,"MCDONALD'S F3615 PARKERSBURG WV              05/25",-4.92,DEBIT_CARD,140.37,,
DEBIT,05/26/2017,"SUBWAY        00467282 PARKERSBURG WV        05/25",-12.71,DEBIT_CARD,145.29,,
CREDIT,05/25/2017,"Online Transfer 6243600785 from One Community FCU ####9000 transaction #: 6243600785 05/25",50.00,ACCT_XFER,158.00,,
DSLIP,05/25/2017,"REMOTE ONLINE DEPOSIT #          1",70.00,CHECK_DEPOSIT,108.00,1,
DEBIT,05/24/2017,"CAPITAL ONE      ONLINE PMT 714439919127192 WEB ID: 9279744991",-148.00,ACH_DEBIT,38.00,,
DEBIT,05/24/2017,"SCHOOLCAFE 866-4426030 TX                    05/23",-28.35,DEBIT_CARD,186.00,,
DEBIT,05/23/2017,"PAYMENT FOR AMZ  STORECARD  1320211672      WEB ID: 9069872103",-35.00,ACH_DEBIT,214.35,,
DEBIT,05/23/2017,"Lowes CC         LWS EPAY   1320209840      WEB ID: 9069872103",-54.00,ACH_DEBIT,249.35,,
DEBIT,05/23/2017,"DOLLAR TR 130 PARK CEN PARKERSBURG WV        05/23",-20.98,DEBIT_CARD,303.35,,
DEBIT,05/23/2017,"DISCOUNT POOL SUPPLY PARKERSBURG WV          05/22",-59.33,DEBIT_CARD,324.33,,
DEBIT,05/23/2017,"1875 Great Clips at Ma PARKERSBURG WV        05/22",-6.00,DEBIT_CARD,383.66,,
DEBIT,05/22/2017,"CBS ALL ACCESS 888-274-5343 CA               05/19",-9.99,DEBIT_CARD,389.66,,
DEBIT,05/22/2017,"WM SUPERC Wal-Mart S PARKERSBURG ( WV        05/20",-4.24,DEBIT_CARD,399.65,,
DEBIT,05/22/2017,"CVS/PHARM 06276--220 G PARKERSBURG WV        05/20",-5.50,DEBIT_CARD,403.89,,
DEBIT,05/22/2017,"CHICK-FIL-A #00629 PARKERSBURG WV            05/20",-21.15,DEBIT_CARD,409.39,,
DEBIT,05/22/2017,"Online Payment 6237603836 To MONONGAHELA POWER 05/22",-196.55,BILLPAY,430.54,,
DEBIT,05/22/2017,"Online Payment 6237603759 To DOMINION HOPE 05/22",-35.01,BILLPAY,627.09,,
DEBIT,05/22/2017,"Payment to Chase card ending in 2079 05/22",-25.00,ACCT_XFER,662.10,,
DEBIT,05/22/2017,"SUDDENLINK COMMUNICTN 304-343-3343 MO        05/22",-96.73,DEBIT_CARD,687.10,,
DEBIT,05/22/2017,"Online Transfer 6237594627 to One Community FCU ####9000 transaction #: 6237594627 05/22",-350.00,ACCT_XFER,783.83,,
DEBIT,05/22/2017,"TRACFONE    *AIRTIME TRACFONE.COM FL         05/21",-10.86,DEBIT_CARD,1133.83,,
DEBIT,05/22/2017,"TRACFONE    *AIRTIME TRACFONE.COM FL         05/21",-10.86,DEBIT_CARD,1144.69,,
DEBIT,05/22/2017,"TRACFONE    *AIRTIME TRACFONE.COM FL         05/21",-10.86,DEBIT_CARD,1155.55,,
DEBIT,05/22/2017,"TEACHERSPAYTEACHERS.C 646-588-0910 NY        05/20",-1.00,DEBIT_CARD,1166.41,,
DEBIT,05/22/2017,"Wal-Mart Super Cente PARKERSBURG ( WV        05/20",-143.48,DEBIT_CARD,1167.41,,
DEBIT,05/22/2017,"CRICUT 877-343-2881 UT                       05/19",-9.99,DEBIT_CARD,1310.89,,
CREDIT,05/22/2017,"AGRI TREAS 310     FED SAL                  PPD ID: 9101036009",1270.59,ACH_CREDIT,1320.88,,
DEBIT,05/17/2017,"TACO BELL #30912 PARKERSBURG WV              05/16",-9.49,DEBIT_CARD,50.29,,
DEBIT,05/16/2017,"MOTORISTS INSURA INS PREM                   PPD ID: 1314259550",-227.01,ACH_DEBIT,59.78,,
DEBIT,05/16/2017,"WM SUPERC Wal-Mart S PARKERSBURG ( WV        05/16",-12.62,DEBIT_CARD,286.79,,
DEBIT,05/16/2017,"THE ORIGINAL PIZZA PLAC VIENNA WV            05/15",-5.90,DEBIT_CARD,299.41,,
DEBIT,05/15/2017,"WalMart CC       WM EPAY    1313890926      WEB ID: 9069872103",-35.00,ACH_DEBIT,305.31,,
DEBIT,05/15/2017,"1875 Great Clips at Ma PARKERSBURG WV        05/14",-19.00,DEBIT_CARD,340.31,,
DEBIT,05/15/2017,"TRACFONE    *AIRTIME TRACFONE.COM FL         05/15",-10.00,DEBIT_CARD,359.31,,
DEBIT,05/15/2017,"JAMES COUNTRY S WASHINGTON WV                05/14",-10.12,DEBIT_CARD,369.31,,
DEBIT,05/15/2017,"JAMES COUNTRY S WASHINGTON WV                05/14",-12.50,DEBIT_CARD,379.43,,
DEBIT,05/15/2017,"7-ELEVEN PARKERSBURG WV                      05/14",-6.16,DEBIT_CARD,391.93,,
DEBIT,05/15/2017,"Wal-Mart Super Center VIENNA WV              05/13",-54.20,DEBIT_CARD,398.09,,
DEBIT,05/15/2017,"AUNTIE ANNS PRETZE PARKERSBURG OH            05/13",-9.48,DEBIT_CARD,452.29,,
DEBIT,05/15/2017,"THE ORIGINAL PIZZA PLAC VIENNA WV            05/13",-12.79,DEBIT_CARD,461.77,,
DEBIT,05/15/2017,"STIR FRY 88 VIENNA WV                        05/13",-8.54,DEBIT_CARD,474.56,,
DEBIT,05/15/2017,"BURGER KING #16285 PARKERSBURG WV            05/13",-12.79,DEBIT_CARD,483.10,,
DEBIT,05/15/2017,"GOODWILL KV VIENNA 3 VIENNA WV               05/13",-21.35,DEBIT_CARD,495.89,,
DEBIT,05/15/2017,"Online Payment 6220715328 To City of Parkersburg 05/15",-26.29,BILLPAY,517.24,,
DEBIT,05/15/2017,"Online Payment 6220715318 To PARKERSBURG UTILITY WV 05/15",-97.42,BILLPAY,543.53,,
DEBIT,05/15/2017,"KROGER    930 DIVISON PARKERSBURG WV         05/13",-56.52,DEBIT_CARD,640.95,,
DEBIT,05/15/2017,"THE LITTLE STIRR LLC VIENNA WV               05/12",-5.13,DEBIT_CARD,697.47,,
DEBIT,05/15/2017,"GO MART #115 PARKERSBURG WV                  05/12",-19.99,DEBIT_CARD,702.60,,
DEBIT,05/15/2017,"THIRD STREET DELI - PA PARKERSBURG WV        05/12",-12.25,DEBIT_CARD,722.59,,
DSLIP,05/15/2017,"DEPOSIT  ID NUMBER 200713",120.00,DEPOSIT,734.84,,
DEBIT,05/11/2017,"TACO BELL #30912 PARKERSBURG WV              05/10",-14.21,DEBIT_CARD,614.84,,
DEBIT,05/11/2017,"MCDONALD'S F3615 PARKERSBURG WV              05/10",-5.35,DEBIT_CARD,629.05,,
DEBIT,05/11/2017,"BURGER KING #12920 PARKERSBURG WV            05/10",-2.45,DEBIT_CARD,634.40,,
DEBIT,05/10/2017,"BARCLAYCARD US   CREDITCARD 451001397       WEB ID: 2510407970",-27.00,ACH_DEBIT,636.85,,
DEBIT,05/10/2017,"BIG LOTS STORES 2107 P PARKERSBURG WV930702  05/10",-11.24,DEBIT_CARD,663.85,,
DEBIT,05/10/2017,"FAMILY DOLLAR # PARKERSBURG WV               05/10",-21.27,DEBIT_CARD,675.09,,
DEBIT,05/10/2017,"DOLLAR TR 220 GIHON VL PARKERSBURG WV        05/10",-8.20,DEBIT_CARD,696.36,,
DEBIT,05/10/2017,"KFC J625182 PARKERSBURG WV                   05/09",-2.02,DEBIT_CARD,704.56,,
DEBIT,05/10/2017,"DICARLO'S PIZZA PARKERSBURG WV               05/10",-19.24,DEBIT_CARD,706.58,,
DEBIT,05/09/2017,"KOHL'S DEPT STRS CHG PYMT   043000096718994 WEB ID: 9044021343",-27.00,ACH_DEBIT,725.82,,
DEBIT,05/09/2017,"BARCLAYCARD US   CREDITCARD 453579187       WEB ID: 2510407970",-46.20,ACH_DEBIT,752.82,,
DEBIT,05/09/2017,"CABELAS VISA     PAYMENTS                   WEB ID: 2470839081",-72.00,ACH_DEBIT,799.02,,
DEBIT,05/09/2017,"CAPITAL ONE AUTO CARPAY     006207526344001 WEB ID: 9541719806",-312.62,ACH_DEBIT,871.02,,
DEBIT,05/09/2017,"DOLLAR-GE 4 8TH AVE PARKERSBURG WV           05/09",-11.18,DEBIT_CARD,1183.64,,
DEBIT,05/08/2017,"CAPITAL ONE      ONLINE PMT 712839919395625 WEB ID: 9279744991",-25.00,ACH_DEBIT,1194.82,,
DEBIT,05/08/2017,"CAPITAL ONE      ONLINE PMT 712839919395624 WEB ID: 9279744991",-25.00,ACH_DEBIT,1219.82,,
DEBIT,05/08/2017,"QUICKEN LOANS    MTG PYMTS  3357858229      WEB ID: 9112356513",-670.35,ACH_DEBIT,1244.82,,
DEBIT,05/08/2017,"THE HOME DEPOT #4803 VIENNA WV       086144  05/08",-19.99,DEBIT_CARD,1915.17,,
DEBIT,05/08/2017,"Payment to Chase card ending in 7433 05/08",-119.00,ACCT_XFER,1935.16,,
DEBIT,05/08/2017,"RITE AID STORE - 1405 PARKERSBURG WV 203378  05/07",-18.19,DEBIT_CARD,2054.16,,
DEBIT,05/08/2017,"MEDEXPRESS UC S PARKER PARKERSBURG WV        05/07",-35.00,DEBIT_CARD,2072.35,,
DEBIT,05/08/2017,"WM SUPERC Wal-Mart S PARKERSBURG ( WV        05/06",-20.54,DEBIT_CARD,2107.35,,
DEBIT,05/08/2017,"MCDONALD'S F3615 PARKERSBURG WV              05/06",-18.37,DEBIT_CARD,2127.89,,
DEBIT,05/08/2017,"RITE AID STORE - 1405 PARKERSBURG WV 250741  05/06",-71.61,DEBIT_CARD,2146.26,,
DEBIT,05/08/2017,"LOWE'S #2246 PARKERSBURG WV          760455  05/06",-21.34,DEBIT_CARD,2217.87,,
DEBIT,05/08/2017,"LOWE'S #2246 PARKERSBURG WV          691837  05/06",-150.31,DEBIT_CARD,2239.21,,
DEBIT,05/08/2017,"Wal-Mart Super Cente PARKERSBURG ( WV        05/06 Purchase $67.13 Cash Back $20.00",-87.13,DEBIT_CARD,2389.52,,
CREDIT,05/08/2017,"AGRI TREAS 310     FED SAL                  PPD ID: 9101036009",2174.11,ACH_CREDIT,2476.65,,
DEBIT,05/05/2017,"LOWE'S #2246 PARKERSBURG WV          701677  05/05",-10.53,DEBIT_CARD,302.54,,
DEBIT,05/05/2017,"LOWE'S #2246 PARKERSBURG WV          932320  05/05",-33.88,DEBIT_CARD,313.07,,
DEBIT,05/04/2017,"SAM'S Club VIENNA WV                         05/04",-13.78,DEBIT_CARD,346.95,,
DEBIT,05/04/2017,"ARBYS 8317 PARKERSBURG WV                    05/03",-13.12,DEBIT_CARD,360.73,,
DEBIT,05/03/2017,"KOHLS 1063 189 BOSLEY PARKERSBURG WV 824928  05/03",-23.86,DEBIT_CARD,373.85,,
DEBIT,05/03/2017,"Wal-Mart Super Cente PARKERSBURG ( WV        05/03",-37.56,DEBIT_CARD,397.71,,
DEBIT,05/03/2017,"PAT CATANS 34 PARKERSB PARKERSBURG WV908201  05/03",-13.30,DEBIT_CARD,435.27,,
DEBIT,05/02/2017,"LOWE'S #2246 PARKERSBURG WV          305946  05/02",-17.08,DEBIT_CARD,448.57,,
DEBIT,05/02/2017,"WM SUPERC Wal-Mart S PARKERSBURG ( WV        05/02",-65.93,DEBIT_CARD,465.65,,
DEBIT,05/02/2017,"INMAN FAMILY EYECARE I PARKERSBURG WV        05/02",-10.00,DEBIT_CARD,531.58,,
DEBIT,05/02/2017,"ALLEY HEALTHCARE PARKERSBURG WV              05/01",-21.40,DEBIT_CARD,541.58,,
DEBIT,05/02/2017,"TRACFONE    *AIRTIME TRACFONE.COM FL         05/02",-10.86,DEBIT_CARD,562.98,,
DEBIT,05/02/2017,"TIM HORTON'S #915676 PARKERSBURG WV          05/01",-14.96,DEBIT_CARD,573.84,,
DEBIT,05/01/2017,"PAYPAL           INST XFER  GODADDY.COM     WEB ID: PAYPALSI77",-11.76,ACH_DEBIT,588.80,,
DEBIT,05/01/2017,"SUDDENLINK       BANK DRAFT 400034514602001 WEB ID: 1000000400",-94.69,ACH_DEBIT,600.56,,
DEBIT,05/01/2017,"DOLLAR TR 220 GIHON VL PARKERSBURG WV        05/01",-22.33,DEBIT_CARD,695.25,,
DEBIT,05/01/2017,"Online Payment 6188020622 To DOMINION HOPE 05/01",-83.25,BILLPAY,717.58,,
DEBIT,05/01/2017,"Online Payment 6188020637 To MONONGAHELA POWER 05/01",-186.93,BILLPAY,800.83,,
DEBIT,05/01/2017,"Payment to Chase card ending in 2079 05/01",-25.00,ACCT_XFER,987.76,,
DEBIT,05/01/2017,"OLLIES BARGAIN OUTLET PARKERSBURG WV 940004  04/30",-9.18,DEBIT_CARD,1012.76,,
DEBIT,05/01/2017,"FAMILY DOLLAR #0715 PARKERSBURG WV           04/30",-3.00,DEBIT_CARD,1021.94,,
DEBIT,05/01/2017,"GOODWILL KV VIENNA 3 VIENNA WV       427862  04/30",-6.93,DEBIT_CARD,1024.94,,
DEBIT,05/01/2017,"1875 Great Clips at Ma PARKERSBURG WV        04/29",-6.50,DEBIT_CARD,1031.87,,
DEBIT,05/01/2017,"GREAT AMERICAN COOKIE VIENNA WV              04/29",-4.15,DEBIT_CARD,1038.37,,
DEBIT,05/01/2017,"THE CHILDRENS PLACE 42 PARKERSBURG WV        04/29",-51.31,DEBIT_CARD,1042.52,,
DEBIT,05/01/2017,"BATH & BODY WORKS 0519 PARKERSBURG WV539059  04/29",-25.68,DEBIT_CARD,1093.83,,
DEBIT,05/01/2017,"GIHON VILLAGE FOODLAND PARKERSBURG WV694405  04/29",-5.06,DEBIT_CARD,1119.51,,
DEBIT,05/01/2017,"GIHON VILLAGE FOODLAND PARKERSBURG WV376707  04/29",-13.99,DEBIT_CARD,1124.57,,
DEBIT,05/01/2017,"BURGER KING #2692 VIENNA WV                  04/27",-7.68,DEBIT_CARD,1138.56,,
DEBIT,04/27/2017,"Online Transfer 6179774179 to One Community FCU ####9000 transaction #: 6179774179 04/27",-350.00,ACCT_XFER,1146.24,,
DEBIT,04/27/2017,"JOANN FABRIC #0363 PARKERSBURG WV            04/26",-27.76,DEBIT_CARD,1496.24,,
DEBIT,04/27/2017,"MCDONALD'S F3615 PARKERSBURG WV              04/26",-4.92,DEBIT_CARD,1524.00,,
DEBIT,04/27/2017,"PAYPAL *NETFLIX.COM 402-935-7733 CA          04/26",-9.99,DEBIT_CARD,1528.92,,
DEBIT,04/26/2017,"Lowes CC         LWS EPAY   1300175084      WEB ID: 9069872103",-27.00,ACH_DEBIT,1538.91,,
DEBIT,04/26/2017,"DOLLAR TR 220 GIHON VL PARKERSBURG WV        04/26",-10.42,DEBIT_CARD,1565.91,,
DEBIT,04/26/2017,"OLLIES BARGAIN OUTLET PARKERSBURG WV 993721  04/26",-25.08,DEBIT_CARD,1576.33,,
DEBIT,04/26/2017,"MCDONALD'S F2921 LANCASTER OH                04/25",-2.26,DEBIT_CARD,1601.41,,
DEBIT,04/26/2017,"MCDONALD'S F35411 CAMBRIDGE OH               04/25",-9.88,DEBIT_CARD,1603.67,,
DEBIT,04/25/2017,"TARGET T- 1300 River V LANCASTER OH          04/25",-3.70,DEBIT_CARD,1613.55,,
DEBIT,04/25/2017,"HOBBYLOBBY 1428 RIVER LANCASTER OH   614768  04/25",-32.49,DEBIT_CARD,1617.25,,
DEBIT,04/24/2017,"THE HOME DEPOT #4803 VIENNA WV       964182  04/24",-271.75,DEBIT_CARD,1649.74,,
DEBIT,04/24/2017,"WM SUPERC Wal-Mart S PARKERSBURG ( WV        04/24",-103.81,DEBIT_CARD,1921.49,,
DEBIT,04/24/2017,"SAMS CLUB SAM'S Club VIENNA WV               04/24",-85.21,DEBIT_CARD,2025.30,,
DEBIT,04/24/2017,"THE HOME DEPOT #4803 VIENNA WV       254688  04/24",-21.37,DEBIT_CARD,2110.51,,
DEBIT,04/24/2017,"GREAT AMERICAN COOKIE VIENNA WV              04/22",-6.19,DEBIT_CARD,2131.88,,
DEBIT,04/24/2017,"SLING.COM 888-393-6312 CO                    04/21",-24.99,DEBIT_CARD,2138.07,,
CREDIT,04/24/2017,"AGRI TREAS 310     FED SAL                  PPD ID: 9101036009",2125.60,ACH_CREDIT,2163.06,,
DEBIT,04/21/2017,"TARGET T- 30 Rhl Blvd CHARLESTON WV          04/21",-5.56,DEBIT_CARD,37.46,,
DEBIT,04/21/2017,"CRICUT 877-343-2881 UT                       04/19",-9.99,DEBIT_CARD,43.02,,
DEBIT,04/21/2017,"CBS ALL ACCESS 888-274-5343 CA               04/19",-9.99,DEBIT_CARD,53.01,,
DEBIT,04/19/2017,"Wal-Mart Super Center VIENNA WV              04/19",-10.35,DEBIT_CARD,63.00,,
DEBIT,04/19/2017,"DICARLO'S PIZZA PARKERSBURG WV               04/19",-23.72,DEBIT_CARD,73.35,,
DEBIT,04/18/2017,"WM SUPERC Wal-Mart S PARKERSBURG ( WV        04/18",-46.91,DEBIT_CARD,97.07,,
DEBIT,04/18/2017,"MCDONALD'S F3615 PARKERSBURG WV              04/17",-2.24,DEBIT_CARD,143.98,,
DEBIT,04/17/2017,"MOTORISTS INSURA INS PREM                   PPD ID: 1314259550",-227.01,ACH_DEBIT,146.22,,
DEBIT,04/17/2017,"Wal-Mart Super Cente PARKERSBURG ( WV        04/15",-14.47,DEBIT_CARD,373.23,,
DEBIT,04/17/2017,"STEAK N SHAKE 5701 VIENNA WV                 04/14",-24.36,DEBIT_CARD,387.70,,
DEBIT,04/14/2017,"GOODWILL KV VIENNA 3 VIENNA WV       120820  04/14",-3.20,DEBIT_CARD,412.06,,
DEBIT,04/14/2017,"BLIZZARD ENT*WOW SUB BLIZZARD.COM CA         04/13",-14.99,DEBIT_CARD,415.26,,
DEBIT,04/13/2017,"HLU*Hulu 42716429-U HULU.COM/BILL CA         04/12",-20.98,DEBIT_CARD,430.25,,
DEBIT,04/12/2017,"KOHL'S DEPT STRS CHG PYMT   043000096361190 WEB ID: 9044021343",-27.00,ACH_DEBIT,451.23,,
DEBIT,04/12/2017,"WalMart CC       WM EPAY    1290859245      WEB ID: 9069872103",-35.00,ACH_DEBIT,478.23,,
DEBIT,04/12/2017,"CAPITAL ONE AUTO CARPAY     006207526344001 WEB ID: 9541719806",-312.62,ACH_DEBIT,513.23,,
DEBIT,04/12/2017,"SONIC DRIVE IN #5849 PARKERSBURG WV          04/11",-5.11,DEBIT_CARD,825.85,,
DEBIT,04/12/2017,"DICARLO'S PIZZA PARKERSBURG WV               04/12",-21.38,DEBIT_CARD,830.96,,
DEBIT,04/11/2017,"CAPITAL ONE      ONLINE PMT 710139919303266 WEB ID: 9279744991",-25.00,ACH_DEBIT,852.34,,
DEBIT,04/11/2017,"PAYMENT FOR AMZ  STORECARD  1290504936      WEB ID: 9069872103",-74.00,ACH_DEBIT,877.34,,
DEBIT,04/11/2017,"Online Payment 6142562438 To City of Parkersburg 04/11",-24.04,BILLPAY,951.34,,
DEBIT,04/11/2017,"Online Payment 6142562430 To PARKERSBURG UTILITY WV 04/11",-103.04,BILLPAY,975.38,,
DEBIT,04/10/2017,"CAPITAL ONE      ONLINE PMT 710039919396091 WEB ID: 9279744991",-48.00,ACH_DEBIT,1078.42,,
DEBIT,04/10/2017,"BARCLAYCARD US   CREDITCARD 446977133       WEB ID: 2510407970",-68.70,ACH_DEBIT,1126.42,,
DEBIT,04/10/2017,"GIHON VILLAGE FOODLAND PARKERSBURG WV997685  04/10",-11.15,DEBIT_CARD,1195.12,,
DEBIT,04/10/2017,"USPS PO 55621004 806 N PARKERSBURG WV857026  04/10",-9.80,DEBIT_CARD,1206.27,,
DEBIT,04/10/2017,"BLIZZARD ENT*WOW SUB BLIZZARD.COM CA         04/10",-14.99,DEBIT_CARD,1216.07,,
DEBIT,04/10/2017,"Wal-Mart Super Cente PARKERSBURG ( WV        04/09",-35.15,DEBIT_CARD,1231.06,,
DEBIT,04/10/2017,"Payment to Chase card ending in 7433 04/10",-96.00,ACCT_XFER,1266.21,,
DEBIT,04/10/2017,"Wal-Mart Super Cente PARKERSBURG ( WV        04/08",-48.63,DEBIT_CARD,1362.21,,
DEBIT,04/10/2017,"DON EMILIOS RESTAURANT PARKERSBURG WV        04/08",-21.39,DEBIT_CARD,1410.84,,
DEBIT,04/10/2017,"Online Transfer 6136814022 to One Community FCU ####9000 transaction #: 6136814022 04/10",-415.00,ACCT_XFER,1432.23,,
CREDIT,04/10/2017,"AGRI TREAS 310     FED SAL                  PPD ID: 9101036009",415.66,ACH_CREDIT,1847.23,,
CREDIT,04/10/2017,"AGRI TREAS 310     FED SAL                  PPD ID: 9101036009",1370.59,ACH_CREDIT,1431.57,,
DEBIT,04/06/2017,"SCHOOLCAFE 866-4426030 TX                    04/05",-54.81,DEBIT_CARD,60.98,,
DEBIT,04/04/2017,"GIHON VILLAGE F PARKERSBURG WV               04/04",-11.98,DEBIT_CARD,115.79,,
DEBIT,04/04/2017,"GIHON VILLAGE F PARKERSBURG WV               04/04",-10.68,DEBIT_CARD,127.77,,
DEBIT,04/03/2017,"CABELAS VISA     PAYMENTS                   WEB ID: 2470839081",-73.00,ACH_DEBIT,138.45,,
DEBIT,04/03/2017,"GIHON VILLAGE F PARKERSBURG WV               04/02",-12.12,DEBIT_CARD,211.45,,
DEBIT,04/03/2017,"CVS/PHARM 06276--220 G PARKERSBURG WV        04/01",-11.35,DEBIT_CARD,223.57,,
DEBIT,04/03/2017,"ARBYS 8317 PARKERSBURG WV                    04/01",-17.18,DEBIT_CARD,234.92,,
DEBIT,04/03/2017,"Wal-Mart Super Cente PARKERSBURG ( WV        04/01",-25.72,DEBIT_CARD,252.10,,
DEBIT,03/31/2017,"TRACFONE    *AIRTIME TRACFONE.COM FL         03/31",-10.86,DEBIT_CARD,277.82,,
DEBIT,03/31/2017,"TRACFONE    *AIRTIME TRACFONE.COM FL         03/31",-15.00,DEBIT_CARD,288.68,,
DEBIT,03/30/2017,"RITE AID STORE - 1405 PARKERSBURG WV         03/30",-9.22,DEBIT_CARD,303.68,,
DEBIT,03/30/2017,"Wal-Mart Super Cente PARKERSBURG ( WV        03/30",-8.75,DEBIT_CARD,312.90,,
DEBIT,03/30/2017,"KROGER 107 DIVISION ST PARKERSBURG WV500556  03/30",-20.04,DEBIT_CARD,321.65,,
DEBIT,03/30/2017,"TRACFONE    *AIRTIME TRACFONE.COM FL         03/30",-5.00,DEBIT_CARD,341.69,,
DEBIT,03/29/2017,"PAYPAL           INST XFER  GODADDY.COM     WEB ID: PAYPALSI77",-11.76,ACH_DEBIT,346.69,,
DEBIT,03/29/2017,"QUICKEN LOANS    MTG PYMTS  3357858229      WEB ID: 9112356513",-670.35,ACH_DEBIT,358.45,,
DEBIT,03/28/2017,"JCPENNEY 1927 VIENNA WV                      03/27",-25.68,DEBIT_CARD,1028.80,,
DEBIT,03/28/2017,"MCDONALD'S F3615 PARKERSBURG WV              03/27",-2.02,DEBIT_CARD,1054.48,,
DEBIT,03/27/2017,"Payment to Chase card ending in 2079 03/27",-25.00,ACCT_XFER,1056.50,,
DEBIT,03/27/2017,"Online Payment 6105856709 To DOMINION HOPE 03/27",-89.33,BILLPAY,1081.50,,
DEBIT,03/27/2017,"Online Payment 6105855231 To MONONGAHELA POWER 03/27",-183.33,BILLPAY,1170.83,,
DEBIT,03/27/2017,"GOODWILL KV VIENNA 3 VIENNA WV       085497  03/27",-11.20,DEBIT_CARD,1354.16,,
DEBIT,03/27/2017,"KOHLS 1063 189 BOSLEY PARKERSBURG WV 538045  03/27",-21.19,DEBIT_CARD,1365.36,,
DEBIT,03/27/2017,"PAYPAL *NETFLIX.COM 402-935-7733 CA          03/26",-9.99,DEBIT_CARD,1386.55,,
DEBIT,03/27/2017,"DISCOUNT POOL SUPPLY PARKERSBURG WV          03/25",-10.58,DEBIT_CARD,1396.54,,
CREDIT,03/27/2017,"AGRI TREAS 310     FED SAL                  PPD ID: 9101036009",1370.59,ACH_CREDIT,1407.12,,
DEBIT,03/24/2017,"GIHON VILLAGE F PARKERSBURG WV               03/24",-36.70,DEBIT_CARD,36.53,,
DEBIT,03/24/2017,"MCDONALD'S F3615 PARKERSBURG WV              03/23",-4.15,DEBIT_CARD,73.23,,
DSLIP,03/24/2017,"Cash Redemption",23.16,DEPOSIT,77.38,,
DEBIT,03/23/2017,"WM SUPERC Wal-Mart S PARKERSBURG ( WV        03/23",-11.48,DEBIT_CARD,54.22,,
DEBIT,03/23/2017,"DOLLAR-GE 2107 PIKE ST PARKERSBURG WV        03/23",-4.68,DEBIT_CARD,65.70,,
DEBIT,03/23/2017,"MCDONALD'S F2676 PARKERSBURG WV              03/22",-2.13,DEBIT_CARD,70.38,,
DEBIT,03/22/2017,"SLING.COM 888-393-6312 CO                    03/21",-24.99,DEBIT_CARD,72.51,,
DEBIT,03/22/2017,"PAT CATANS 34 PARKERSB PARKERSBURG WV560489  03/22",-6.61,DEBIT_CARD,97.50,,
DEBIT,03/22/2017,"TRACFONE    *AIRTIME TRACFONE.COM FL         03/22",-10.86,DEBIT_CARD,104.11,,
DEBIT,03/21/2017,"FAMILY CHR#04800000489 PARKERSBURG WV        03/20",-9.73,DEBIT_CARD,114.97,,
DEBIT,03/21/2017,"MCDONALD'S F2676 PARKERSBURG WV              03/20",-7.24,DEBIT_CARD,124.70,,
DEBIT,03/21/2017,"CRICUT 877-343-2881 UT                       03/19",-9.99,DEBIT_CARD,131.94,,
DEBIT,03/20/2017,"CBS ALL ACCESS 888-274-5343 CA               03/19",-9.99,DEBIT_CARD,141.93,,
DEBIT,03/20/2017,"SQ *KASE'S CANDIES Vienna WV                 03/18",-12.33,DEBIT_CARD,151.92,,
DEBIT,03/20/2017,"THE ORIGINAL PIZZA PLAC VIENNA WV            03/18",-11.34,DEBIT_CARD,164.25,,
DEBIT,03/17/2017,"OLLIES BARGAIN OUTLET PARKERSBURG WV 816783  03/17",-6.42,DEBIT_CARD,175.59,,
DEBIT,03/17/2017,"Wal-Mart Super Cente PARKERSBURG ( WV        03/17",-29.07,DEBIT_CARD,182.01,,
DEBIT,03/17/2017,"FAMILY DOLLAR #0715 PARKERSBURG WV           03/16",-1.07,DEBIT_CARD,211.08,,
DEBIT,03/17/2017,"MCDONALD'S F3615 PARKERSBURG WV              03/16",-2.02,DEBIT_CARD,212.15,,
DEBIT,03/16/2017,"Lowes CC         LWS EPAY   1271895765      WEB ID: 9069872103",-26.00,ACH_DEBIT,214.17,,
DEBIT,03/16/2017,"WalMart CC       WM EPAY    1271894887      WEB ID: 9069872103",-35.00,ACH_DEBIT,240.17,,
DEBIT,03/16/2017,"BARCLAYCARD US   CREDITCARD 441420630       WEB ID: 2510407970",-65.00,ACH_DEBIT,275.17,,
DEBIT,03/16/2017,"MOTORISTS INSURA INS PREM                   PPD ID: 1314259550",-227.01,ACH_DEBIT,340.17,,
DEBIT,03/16/2017,"CAPITAL ONE AUTO CARPAY     006207526344001 WEB ID: 9541719806",-312.62,ACH_DEBIT,567.18,,
DEBIT,03/16/2017,"PAT CATANS 34 PARKERSB PARKERSBURG WV216785  03/16",-18.94,DEBIT_CARD,879.80,,
DEBIT,03/16/2017,"Wal-Mart Super Cente PARKERSBURG ( WV        03/16",-13.23,DEBIT_CARD,898.74,,
DEBIT,03/16/2017,"TRACFONE    *AIRTIME TRACFONE.COM FL         03/16",-10.86,DEBIT_CARD,911.97,,
DEBIT,03/16/2017,"WENDY'S #4103 PARKERSBURG WV                 03/15",-10.14,DEBIT_CARD,922.83,,
DEBIT,03/16/2017,"WAL-MART #2823 PARKERSBURG WV                03/15",-41.16,DEBIT_CARD,932.97,,
DEBIT,03/15/2017,"CAPITAL ONE      ONLINE PMT 707439919182256 WEB ID: 9279744991",-25.00,ACH_DEBIT,974.13,,
DEBIT,03/15/2017,"CAPITAL ONE      ONLINE PMT 707439919182257 WEB ID: 9279744991",-350.00,ACH_DEBIT,999.13,,
DEBIT,03/15/2017,"PAT CATANS 34 PARKERSB PARKERSBURG WV730018  03/15",-17.23,DEBIT_CARD,1349.13,,
DEBIT,03/15/2017,"Online Payment 6077355734 To City of Parkersburg 03/15",-24.83,BILLPAY,1366.36,,
DEBIT,03/15/2017,"Online Payment 6077355717 To PARKERSBURG UTILITY WV 03/15",-121.88,BILLPAY,1391.19,,
DEBIT,03/15/2017,"SMARTSTYLE PARKERSBURG WV                    03/14",-39.95,DEBIT_CARD,1513.07,,
DEBIT,03/15/2017,"MCDONALD'S F2921 LANCASTER OH                03/14",-9.63,DEBIT_CARD,1553.02,,
DEBIT,03/14/2017,"HOBBYLOBBY 1428 RIVER LANCASTER OH   934922  03/14",-30.89,DEBIT_CARD,1562.65,,
DEBIT,03/14/2017,"FIVE BELOW 509 COLUMBUS OH                   03/13",-20.75,DEBIT_CARD,1593.54,,
DEBIT,03/14/2017,"MICHAELS STORES 9876 COLUMBUS OH             03/13",-27.80,DEBIT_CARD,1614.29,,
DEBIT,03/14/2017,"BLIZZARD ENT*WOW SUB BLIZZARD.COM CA         03/13",-14.99,DEBIT_CARD,1642.09,,
DEBIT,03/13/2017,"HLU*Hulu 42716429-U HULU.COM/BILL CA         03/12",-20.98,DEBIT_CARD,1657.08,,
DEBIT,03/13/2017,"MCDONALD'S F3615 PARKERSBURG WV              03/12",-2.02,DEBIT_CARD,1678.06,,
DEBIT,03/13/2017,"AUNTIE ANNS PRETZE PARKERSBURG OH            03/11",-4.27,DEBIT_CARD,1680.08,,
DEBIT,03/13/2017,"THE ORIGINAL PIZZA PLAC VIENNA WV            03/11",-15.98,DEBIT_CARD,1684.35,,
DEBIT,03/13/2017,"DOLLAR TR 220 GIHON VL PARKERSBURG WV        03/11",-5.21,DEBIT_CARD,1700.33,,
CREDIT,03/13/2017,"AGRI TREAS 310     FED SAL                  PPD ID: 9101036009",1654.94,ACH_CREDIT,1705.54,,
DEBIT,03/10/2017,"BLIZZARD ENT*WOW SUB BLIZZARD.COM CA         03/10",-14.99,DEBIT_CARD,50.60,,
DEBIT,03/08/2017,"BURGER KING #12920 PARKERSBURG WV            03/07",-2.45,DEBIT_CARD,65.59,,
DEBIT,03/07/2017,"KOHL'S DEPT STRS CHG PYMT   043000099729496 WEB ID: 9044021343",-27.00,ACH_DEBIT,68.04,,
DEBIT,03/07/2017,"OLLIES BARGAIN OUTLET PARKERSBURG WV 980564  03/07",-19.24,DEBIT_CARD,95.04,,
DEBIT,03/07/2017,"WM SUPERC Wal-Mart S PARKERSBURG ( WV        03/07",-6.42,DEBIT_CARD,114.28,,
DEBIT,03/06/2017,"CABELAS VISA     PAYMENTS                   WEB ID: 2470839081",-75.00,ACH_DEBIT,120.70,,
DEBIT,03/06/2017,"DISCOUNT POOL SUPPLY PARKERSBURG WV          03/04",-5.29,DEBIT_CARD,195.70,,
DEBIT,03/06/2017,"DOLLAR TR 130 PARK CEN PARKERSBURG WV        03/04",-5.07,DEBIT_CARD,200.99,,
DEBIT,03/06/2017,"MOTHER EARTH FO PARKERSBURG WV               03/04",-43.95,DEBIT_CARD,206.06,,
DEBIT,03/06/2017,"MCDONALD'S F3615 PARKERSBURG WV              03/04",-0.15,DEBIT_CARD,250.01,,
DEBIT,03/03/2017,"MCDONALD'S F2676 PARKERSBURG WV              03/02",-2.13,DEBIT_CARD,250.16,,
DEBIT,03/02/2017,"PAYPAL           INST XFER  GODADDY.COM     WEB ID: PAYPALSI77",-11.76,ACH_DEBIT,252.29,,
DEBIT,03/02/2017,"QUICKEN LOANS    MTG PYMTS  3357858229      WEB ID: 9112356513",-670.35,ACH_DEBIT,264.05,,
DEBIT,03/02/2017,"KOHLS 1063 189 BOSLEY PARKERSBURG WV 123281  03/02",-26.34,DEBIT_CARD,934.40,,
DEBIT,03/02/2017,"PAT CATANS 34 PARKERSB PARKERSBURG WV921192  03/02",-6.36,DEBIT_CARD,960.74,,
DEBIT,03/01/2017,"KOHLS 1063 189 BOSLEY PARKERSBURG WV 708794  03/01",-78.02,DEBIT_CARD,967.10,,
DEBIT,02/28/2017,"Online Payment 6041257632 To DOMINION HOPE 02/28",-92.41,BILLPAY,1045.12,,
DEBIT,02/28/2017,"Online Payment 6041257644 To MONONGAHELA POWER 02/28",-173.05,BILLPAY,1137.53,,
DEBIT,02/28/2017,"Payment to Chase card ending in 2079 02/28",-25.00,ACCT_XFER,1310.58,,
DEBIT,02/28/2017,"Wal-Mart Super Cente PARKERSBURG ( WV        02/28 Purchase $11.80 Cash Back $20.00",-31.80,DEBIT_CARD,1335.58,,
DEBIT,02/28/2017,"Online Transfer 6040099455 to One Community FCU ####9000 transaction #: 6040099455 02/28",-2000.00,ACCT_XFER,1367.38,,
DEBIT,02/27/2017,"MEDEXPRESS UC WV 304-2252500 WV              02/26",-10.00,DEBIT_CARD,3367.38,,
DEBIT,02/27/2017,"BATH & BODY WORKS 0519 PARKERSBURG WV599663  02/27",-38.52,DEBIT_CARD,3377.38,,
DEBIT,02/27/2017,"PAYPAL *NETFLIX.COM 402-935-7733 CA          02/26",-9.99,DEBIT_CARD,3415.90,,
DEBIT,02/27/2017,"THE ORIGINAL PIZZA PLAC VIENNA WV            02/25",-13.03,DEBIT_CARD,3425.89,,
CREDIT,02/27/2017,"AGRI TREAS 310     FED SAL                  PPD ID: 9101036009",1370.59,ACH_CREDIT,3438.92,,
DSLIP,02/27/2017,"REMOTE ONLINE DEPOSIT #          1",2025.00,CHECK_DEPOSIT,2068.33,1,
DEBIT,02/24/2017,"DOLLAR TR 220 GIHON VL PARKERSBURG WV        02/24",-8.21,DEBIT_CARD,43.33,,
DEBIT,02/24/2017,"DOLLAR TR 220 GIHON VL PARKERSBURG WV        02/24",-6.21,DEBIT_CARD,51.54,,
DEBIT,02/23/2017,"PAYPAL           INST XFER  MICROSOFTCO     WEB ID: PAYPALSI77",-53.49,ACH_DEBIT,57.75,,
DEBIT,02/22/2017,"SLING.COM 888-393-6312 CO                    02/21",-24.99,DEBIT_CARD,111.24,,
DEBIT,02/22/2017,"PAYPAL *JULIIIAIDEN 402-935-7733 CA          02/21",-4.99,DEBIT_CARD,136.23,,
DEBIT,02/21/2017,"CAPITAL ONE      ONLINE PMT 704939919287083 WEB ID: 9279744991",-8.40,ACH_DEBIT,141.22,,
DEBIT,02/21/2017,"CBS ALL ACCESS 888-274-5343 CA               02/19",-9.99,DEBIT_CARD,149.62,,
DEBIT,02/21/2017,"Lowes CC         LWS EPAY   1253025033      WEB ID: 9069872103",-28.00,ACH_DEBIT,159.61,,
DEBIT,02/21/2017,"PAYMENT FOR AMZ  STORECARD  1253025538      WEB ID: 9069872103",-35.00,ACH_DEBIT,187.61,,
DEBIT,02/21/2017,"THE ORIGINAL PIZZA PLAC VIENNA WV            02/20",-8.39,DEBIT_CARD,222.61,,
DEBIT,02/21/2017,"CRICUT 877-343-2881 UT                       02/19",-9.99,DEBIT_CARD,231.00,,
DEBIT,02/21/2017,"BURGER KING #12920 PARKERSBURG WV            02/19",-3.73,DEBIT_CARD,240.99,,
DEBIT,02/21/2017,"TRACFONE    *AIRTIME TRACFONE.COM FL         02/19",-10.86,DEBIT_CARD,244.72,,
DEBIT,02/17/2017,"MCDONALD'S F3615 PARKERSBURG WV              02/16",-2.02,DEBIT_CARD,255.58,,
DEBIT,02/16/2017,"MOTORISTS INSURA INS PREM                   PPD ID: 1314259550",-227.01,ACH_DEBIT,257.60,,
DEBIT,02/16/2017,"DOLLAR-GE 2107 PIKE ST PARKERSBURG WV        02/16",-5.73,DEBIT_CARD,484.61,,
DEBIT,02/15/2017,"WVU PARKERSBURG PARKERSBURG WV               02/14",-2025.00,DEBIT_CARD,490.34,,
DEBIT,02/15/2017,"NEW CHINA PARKERSBURG WV                     02/13",-20.06,DEBIT_CARD,2515.34,,
DEBIT,02/14/2017,"KOHL'S DEPT STRS CHG PYMT   043000096652138 WEB ID: 9044021343",-27.00,ACH_DEBIT,2535.40,,
DEBIT,02/14/2017,"WalMart CC       WM EPAY    1248848145      WEB ID: 9069872103",-40.00,ACH_DEBIT,2562.40,,
DEBIT,02/14/2017,"BARCLAYCARD US   CREDITCARD 433958671       WEB ID: 2510407970",-46.89,ACH_DEBIT,2602.40,,
DEBIT,02/14/2017,"CAPITAL ONE AUTO CARPAY     006207526344001 WEB ID: 9541719806",-312.62,ACH_DEBIT,2649.29,,
DEBIT,02/14/2017,"SHELL OIL 57444964100 PARKERSBURG WV         02/13",-15.00,DEBIT_CARD,2961.91,,
DEBIT,02/14/2017,"MCDONALD'S F3615 PARKERSBURG WV              02/13",-3.30,DEBIT_CARD,2976.91,,
DEBIT,02/13/2017,"HLU*Hulu 42716429-U HULU.COM/BILL CA         02/12",-20.98,DEBIT_CARD,2980.21,,
DEBIT,02/13/2017,"PAYPAL           INST XFER  ZINC65LI        WEB ID: PAYPALSI77",-20.99,ACH_DEBIT,3001.19,,
DEBIT,02/13/2017,"CAPITAL ONE      ONLINE PMT 704439919616086 WEB ID: 9279744991",-25.00,ACH_DEBIT,3022.18,,
DEBIT,02/13/2017,"CAPITAL ONE      ONLINE PMT 704439919616085 WEB ID: 9279744991",-25.00,ACH_DEBIT,3047.18,,
DEBIT,02/13/2017,"DOLLAR-GE 2107 PIKE ST PARKERSBURG WV        02/13",-10.44,DEBIT_CARD,3072.18,,
DEBIT,02/13/2017,"TRACTOR SUPPLY # 101 T PARKERSBURG WV721018  02/13",-15.89,DEBIT_CARD,3082.62,,
DEBIT,02/13/2017,"BLIZZARD ENT*WOW SUB BLIZZARD.COM CA         02/13",-14.99,DEBIT_CARD,3098.51,,
DEBIT,02/13/2017,"WM SUPERC Wal-Mart S PARKERSBURG ( WV        02/12",-11.98,DEBIT_CARD,3113.50,,
DEBIT,02/13/2017,"Wal-Mart Super Cente PARKERSBURG ( WV        02/12",-49.78,DEBIT_CARD,3125.48,,
DEBIT,02/13/2017,"MCDONALD'S F3615 PARKERSBURG WV              02/12",-2.02,DEBIT_CARD,3175.26,,
DEBIT,02/13/2017,"WM SUPERC Wal-Mart S PARKERSBURG ( WV        02/11",-148.98,DEBIT_CARD,3177.28,,
DEBIT,02/13/2017,"MCDONALD'S F3615 PARKERSBURG WV              02/10",-8.31,DEBIT_CARD,3326.26,,
DEBIT,02/13/2017,"FIREHOUSE SUBS #73 301-893-9782 WV           02/10",-26.29,DEBIT_CARD,3334.57,,
CREDIT,02/13/2017,"AGRI TREAS 310     FED SAL                  PPD ID: 9101036009",1312.14,ACH_CREDIT,3360.86,,
DEBIT,02/10/2017,"BLIZZARD ENT*WOW SUB BLIZZARD.COM CA         02/09",-14.99,DEBIT_CARD,2048.72,,
DEBIT,02/09/2017,"142 GARY PETTY MD MARIETTA OH                02/08",-30.00,DEBIT_CARD,2063.71,,
DEBIT,02/08/2017,"1875 Great Clips at Ma PARKERSBURG WV        02/07",-19.00,DEBIT_CARD,2093.71,,
DEBIT,02/08/2017,"CHICK-FIL-A #00629 PARKERSBURG WV            02/06",-23.76,DEBIT_CARD,2112.71,,
DSLIP,02/08/2017,"REMOTE ONLINE DEPOSIT #          1",1031.25,CHECK_DEPOSIT,2136.47,1,
DEBIT,02/07/2017,"PAYPAL           INST XFER  1800CPAP        WEB ID: PAYPALSI77",-7.95,ACH_DEBIT,1105.22,,
DEBIT,02/07/2017,"Wal-Mart Super Cente PARKERSBURG ( WV        02/07",-16.26,DEBIT_CARD,1113.17,,
DEBIT,02/07/2017,"SQ *KASE'S CANDIES Vienna WV                 02/06",-7.04,DEBIT_CARD,1129.43,,
DEBIT,02/07/2017,"THE PIZZA PLACE SOUTH PARKERSBURG WV         02/06",-10.90,DEBIT_CARD,1136.47,,
DEBIT,02/07/2017,"MCDONALD'S F3615 PARKERSBURG WV              02/06",-2.02,DEBIT_CARD,1147.37,,
DEBIT,02/07/2017,"MEDEXPRESS UC S PARKER PARKERSBURG WV        02/06",-25.00,DEBIT_CARD,1149.39,,
DEBIT,02/07/2017,"AMAZON MKTPLACE PMTS AMAZON MKTPLA WA        02/06",-69.95,DEBIT_CARD,1174.39,,
DEBIT,02/06/2017,"PAYPAL           INST XFER  PROEXPRESSD     WEB ID: PAYPALSI77",-14.42,ACH_DEBIT,1244.34,,
DEBIT,02/06/2017,"OHBUYBUYBUY      IAT PAYPAL 1000589658228   WEB ID: 770510487C",-31.00,ACH_DEBIT,1258.76,,
DEBIT,02/06/2017,"Wal-Mart Super Cente PARKERSBURG ( WV        02/06",-11.55,DEBIT_CARD,1289.76,,
DEBIT,02/06/2017,"YCC STORE 00536 VIENNA WV            700647  02/06",-4.28,DEBIT_CARD,1301.31,,
DEBIT,02/06/2017,"SHOE DEPT ENCORE 0063 VIENNA WV      903639  02/06",-58.84,DEBIT_CARD,1305.59,,
DEBIT,02/06/2017,"KOHLS 1063 189 BOSLEY PARKERSBURG WV 907320  02/06",-21.19,DEBIT_CARD,1364.43,,
DEBIT,02/06/2017,"RITE AID STORE - 1405 PARKERSBURG WV 063051  02/06",-9.46,DEBIT_CARD,1385.62,,
DEBIT,02/06/2017,"Wal-Mart Super Cente PARKERSBURG ( WV        02/05",-34.05,DEBIT_CARD,1395.08,,
DEBIT,02/06/2017,"MCDONALD'S F3615 PARKERSBURG WV              02/04",-5.23,DEBIT_CARD,1429.13,,
DEBIT,02/06/2017,"KROGER 107 DIVISION ST PARKERSBURG WV557777  02/04",-25.03,DEBIT_CARD,1434.36,,
DEBIT,02/06/2017,"SWEET FROG 300141 PARKERSBURG WV             02/03",-8.81,DEBIT_CARD,1459.39,,
DEBIT,02/06/2017,"FIREHOUSE SUBS #73 VIENNA WV                 02/03",-26.51,DEBIT_CARD,1468.20,,
DEBIT,02/03/2017,"KOHLS 1063 189 BOSLEY PARKERSBURG WV 854180  02/03",-35.68,DEBIT_CARD,1494.71,,
DEBIT,02/03/2017,"DOLLAR TREE PARKERSBURG WV                   02/02",-11.00,DEBIT_CARD,1530.39,,
DEBIT,02/03/2017,"MCDONALD'S F3615 PARKERSBURG WV              02/02",-4.35,DEBIT_CARD,1541.39,,
DEBIT,02/02/2017,"PAT CATANS 34 PARKERSB PARKERSBURG WV966617  02/02",-27.72,DEBIT_CARD,1545.74,,
DEBIT,02/02/2017,"PAR MAR #3 PARKERSBURG WV                    02/02",-17.90,DEBIT_CARD,1573.46,,
DEBIT,02/02/2017,"WM SUPERC Wal-Mart S PARKERSBURG ( WV        02/02",-43.55,DEBIT_CARD,1591.36,,
DEBIT,02/02/2017,"Wal-Mart Super Cente PARKERSBURG ( WV        02/02",-10.22,DEBIT_CARD,1634.91,,
DEBIT,02/01/2017,"CABELAS VISA     PAYMENTS                   WEB ID: 2470839081",-74.00,ACH_DEBIT,1645.13,,
DEBIT,02/01/2017,"QUICKEN LOANS    MTG PYMTS  3357858229      WEB ID: 9112356513",-670.35,ACH_DEBIT,1719.13,,
DEBIT,02/01/2017,"GIHON VILLAGE F PARKERSBURG WV               02/01",-37.38,DEBIT_CARD,2389.48,,
DEBIT,02/01/2017,"NEW CHINA PARKERSBURG WV                     01/30",-15.52,DEBIT_CARD,2426.86,,
DEBIT,01/31/2017,"PAYPAL           INST XFER  PROEXPRESSD     WEB ID: PAYPALSI77",-12.42,ACH_DEBIT,2442.38,,
DEBIT,01/31/2017,"Payment to Chase card ending in 2079 01/31",-25.00,ACCT_XFER,2454.80,,
DEBIT,01/31/2017,"Online Payment 5971509882 To DOMINION HOPE 01/31",-135.30,BILLPAY,2479.80,,
DEBIT,01/30/2017,"PAYPAL           INST XFER  GODADDY.COM     WEB ID: PAYPALSI77",-11.76,ACH_DEBIT,2615.10,,
DEBIT,01/30/2017,"Wal-Mart Super Cente PARKERSBURG ( WV        01/28",-79.99,DEBIT_CARD,2626.86,,
DEBIT,01/30/2017,"DOLLAR TR 130 PARK CEN PARKERSBURG WV        01/28",-9.56,DEBIT_CARD,2706.85,,
DEBIT,01/30/2017,"PAT CATANS 34 PARKERSB PARKERSBURG WV993408  01/28",-15.13,DEBIT_CARD,2716.41,,
DEBIT,01/30/2017,"PARKERSBURG RURAL KING PARKERSBURG WV        01/28",-12.83,DEBIT_CARD,2731.54,,
DEBIT,01/30/2017,"KROGER    1008 LEE STR BELPRE OH             01/28",-118.93,DEBIT_CARD,2744.37,,
DEBIT,01/30/2017,"RITE AID STORE - 1405 PARKERSBURG WV 060067  01/28",-82.81,DEBIT_CARD,2863.30,,
DEBIT,01/30/2017,"SHELL OIL 57444240402 PARKERSBURG WV         01/27",-15.03,DEBIT_CARD,2946.11,,
CREDIT,01/30/2017,"AGRI TREAS 310     FED SAL                  PPD ID: 9101036009",1312.14,ACH_CREDIT,2961.14,,
DEBIT,01/27/2017,"NON-CHASE ATM FEE-WITH",-2.50,FEE_TRANSACTION,1649.00,,
DEBIT,01/27/2017,"NON-CHASE ATM WITHDRAW               008977  01/27206 LAFAY",-62.00,ATM,1651.50,,
DEBIT,01/27/2017,"THIRD STREET DELI - PA PARKERSBURG WV        01/26",-11.50,DEBIT_CARD,1713.50,,
DEBIT,01/27/2017,"OLLIES BARGAIN OUTLET PARKERSBURG WV         01/26",-17.03,DEBIT_CARD,1725.00,,
DEBIT,01/27/2017,"MCDONALD'S F3615 PARKERSBURG WV              01/26",-2.02,DEBIT_CARD,1742.03,,
DEBIT,01/27/2017,"PAYPAL *NETFLIX.COM 402-935-7733 CA          01/26",-9.99,DEBIT_CARD,1744.05,,
DEBIT,01/26/2017,"PAYPAL           INST XFER  PRINTEXMARK     WEB ID: PAYPALSI77",-5.04,ACH_DEBIT,1754.04,,
DEBIT,01/26/2017,"PAYPAL           INST XFER  ESUPPLIES       WEB ID: PAYPALSI77",-5.99,ACH_DEBIT,1759.08,,
DEBIT,01/26/2017,"PAYPAL           INST XFER  EZTRONICSCO     WEB ID: PAYPALSI77",-74.09,ACH_DEBIT,1765.07,,
DEBIT,01/26/2017,"Old Navy CC      OLDN EPAY  1235185106      WEB ID: 9069872103",-200.52,ACH_DEBIT,1839.16,,
DEBIT,01/26/2017,"JCPenney CC      JCP EPAY   1235186680      WEB ID: 9069872103",-212.05,ACH_DEBIT,2039.68,,
DEBIT,01/26/2017,"BARCLAYCARD US   CREDITCARD 429549330       WEB ID: 2510407970",-1947.66,ACH_DEBIT,2251.73,,
DEBIT,01/26/2017,"KMART 3218 PARKERSBURG WV                    01/26",-15.54,DEBIT_CARD,4199.39,,
DEBIT,01/26/2017,"Payment to Chase card ending in 7433 01/26",-1280.00,ACCT_XFER,4214.93,,
DEBIT,01/26/2017,"MCDONALD'S F3615 PARKERSBURG WV              01/25",-5.11,DEBIT_CARD,5494.93,,
DEBIT,01/26/2017,"FIREHOUSE SUBS #73 VIENNA WV                 01/25",-7.16,DEBIT_CARD,5500.04,,
DEBIT,01/26/2017,"FIREHOUSE SUBS #73 VIENNA WV                 01/25",-21.79,DEBIT_CARD,5507.20,,
CREDIT,01/26/2017,"MICROBAC LABS    DIRECT DEP                 PPD ID: 9111111103",140.96,ACH_CREDIT,5528.99,,
DEBIT,01/25/2017,"CAPITAL ONE      ONLINE PMT 702539919403551 WEB ID: 9279744991",-457.35,ACH_DEBIT,5388.03,,
DEBIT,01/25/2017,"PAT CATANS 34 PARKERSB PARKERSBURG WV382277  01/25",-20.88,DEBIT_CARD,5845.38,,
DEBIT,01/25/2017,"Wal-Mart Super Cente PARKERSBURG ( WV        01/25",-48.15,DEBIT_CARD,5866.26,,
DEBIT,01/25/2017,"OSUWMC MYCHART 614-292-2100 OH               01/24",-110.00,DEBIT_CARD,5914.41,,
DEBIT,01/25/2017,"Amazon.com AMZN.COM/BILL WA                  01/25",-261.60,DEBIT_CARD,6024.41,,
DEBIT,01/25/2017,"Amazon.com AMZN.COM/BILL WA                  01/25",-34.79,DEBIT_CARD,6286.01,,
DEBIT,01/24/2017,"CAPITAL ONE      ONLINE PMT 702439919248833 WEB ID: 9279744991",-6225.59,ACH_DEBIT,6320.80,,
DEBIT,01/24/2017,"Payment to Chase card ending in 9786 01/24",-803.63,ACCT_XFER,12546.39,,
DEBIT,01/24/2017,"PAYPAL *LORIWHITLOC 402-935-7733 CA          01/23",-3.99,DEBIT_CARD,13350.02,,
DEBIT,01/24/2017,"PAYPAL *FABRICCUTUP 402-935-7733 CA          01/23",-1.99,DEBIT_CARD,13354.01,,
DEBIT,01/23/2017,"CBS ALL ACCESS 888-274-5343 CA               01/19",-9.99,DEBIT_CARD,13356.00,,
DEBIT,01/23/2017,"WalMart CC       WM EPAY    1232437393      WEB ID: 9069872103",-25.00,ACH_DEBIT,13365.99,,
DEBIT,01/23/2017,"Old Navy CC      OLDN EPAY  1232433536      WEB ID: 9069872103",-25.00,ACH_DEBIT,13390.99,,
DEBIT,01/23/2017,"PAYMENT FOR AMZ  STORECARD  1232433876      WEB ID: 9069872103",-25.00,ACH_DEBIT,13415.99,,
DEBIT,01/23/2017,"Lowes CC         LWS EPAY   1232432948      WEB ID: 9069872103",-26.00,ACH_DEBIT,13440.99,,
DEBIT,01/23/2017,"SUDDENLINK COMMUNICTN 304-343-3343 MO        01/23",-94.71,DEBIT_CARD,13466.99,,
DEBIT,01/23/2017,"FIREHOUSE SUBS #73 VIENNA WV                 01/20",-19.01,DEBIT_CARD,13561.70,,
DSLIP,01/23/2017,"DEPOSIT  ID NUMBER 508082",13275.14,DEPOSIT,13580.71,,
DEBIT,01/20/2017,"PAT CATANS 34 PARKERSB PARKERSBURG WV686111  01/20",-17.53,DEBIT_CARD,305.57,,
DEBIT,01/19/2017,"1875 Great Clips at Ma PARKERSBURG WV        01/18",-46.00,DEBIT_CARD,323.10,,
DEBIT,01/18/2017,"CAPITAL ONE AUTO CARPAY     006207526344001 WEB ID: 9541719806",-312.62,ACH_DEBIT,369.10,,
DEBIT,01/18/2017,"CRICUT 877-343-2881 UT                       01/17",-9.99,DEBIT_CARD,681.72,,
DEBIT,01/17/2017,"BARCLAYCARD US   CREDITCARD 427700775       WEB ID: 2510407970",-50.00,ACH_DEBIT,691.71,,
DEBIT,01/17/2017,"MOTORISTS INSURA INS PREM                   PPD ID: 1314259550",-227.01,ACH_DEBIT,741.71,,
DEBIT,01/17/2017,"GIHON VILLAGE F PARKERSBURG WV               01/17",-29.35,DEBIT_CARD,968.72,,
DEBIT,01/17/2017,"BP#6456552PAR MAR #3 PARKERSBURG WV          01/16",-20.01,DEBIT_CARD,998.07,,
DEBIT,01/17/2017,"RITE AID STORE - 1405 PARKERSBURG WV 163481  01/16",-3.29,DEBIT_CARD,1018.08,,
DEBIT,01/17/2017,"GOODWILL KV VIENNA 3 VIENNA WV       798849  01/16",-6.93,DEBIT_CARD,1021.37,,
DEBIT,01/17/2017,"SHOE CARNIVAL #0 603 G VIENNA WV     835355  01/16",-30.56,DEBIT_CARD,1028.30,,
DEBIT,01/17/2017,"Wal-Mart Super Cente PARKERSBURG ( WV        01/16",-38.79,DEBIT_CARD,1058.86,,
DEBIT,01/17/2017,"Payment to Chase card ending in 9786 01/17",-25.00,ACCT_XFER,1097.65,,
DEBIT,01/17/2017,"DOLLAR TR 220 GIHON VL PARKERSBURG WV        01/16",-3.21,DEBIT_CARD,1122.65,,
DEBIT,01/17/2017,"MCHAPPY'S BAKE SHOPPE BELPRE OH              01/15",-15.27,DEBIT_CARD,1125.86,,
DEBIT,01/17/2017,"PAT CATANS 34 PARKERSB PARKERSBURG WV850689  01/14",-25.12,DEBIT_CARD,1141.13,,
DEBIT,01/17/2017,"Wal-Mart Super Cente PARKERSBURG ( WV        01/14",-37.17,DEBIT_CARD,1166.25,,
DEBIT,01/17/2017,"Wal-Mart Super Cente PARKERSBURG ( WV        01/14",-116.30,DEBIT_CARD,1203.42,,
CREDIT,01/17/2017,"AGRI TREAS 310     FED SAL                  PPD ID: 9101036009",1290.76,ACH_CREDIT,1319.72,,
DEBIT,01/12/2017,"HLU*Hulu 42716429-U HULU.COM/BILL CA         01/12",-20.98,DEBIT_CARD,28.96,,
DEBIT,01/12/2017,"BLIZZARD ENT*WOW SUB BLIZZARD.COM CA         01/12",-14.99,DEBIT_CARD,49.94,,
DEBIT,01/12/2017,"MCDONALD'S F29646 MARIETTA OH                01/11",-2.92,DEBIT_CARD,64.93,,
CREDIT,01/12/2017,"MICROBAC LABS    DIRECT DEP                 PPD ID: 9111111103",10.65,ACH_CREDIT,67.85,,
DEBIT,01/11/2017,"Wal-Mart Super Center MARIETTA OH            01/11",-19.97,DEBIT_CARD,57.20,,
DEBIT,01/11/2017,"LITTLE CAESARS 0242 00 PARKERSBURG WV        01/10",-9.10,DEBIT_CARD,77.17,,
DEBIT,01/11/2017,"DISCOUNT POOL SUPPLY PARKERSBURG WV          01/10",-52.99,DEBIT_CARD,86.27,,
DEBIT,01/10/2017,"KOHL'S DEPT STRS CHG PYMT   043000094452238 WEB ID: 9044021343",-27.00,ACH_DEBIT,139.26,,
DEBIT,01/10/2017,"BLIZZARD ENT*WOW SUB BLIZZARD.COM CA         01/09",-14.99,DEBIT_CARD,166.26,,
CREDIT,01/10/2017,"CAPITAL ONE N.A. CAPITALONE                 PPD ID: 1510394779",50.00,ACH_CREDIT,181.25,,
DEBIT,01/09/2017,"CBS ALL ACCESS 888-274-5343 CA               01/06",-1.68,DEBIT_CARD,131.25,,
DEBIT,01/09/2017,"JCPenney CC      JCP EPAY   1218835243      WEB ID: 9069872103",-35.00,ACH_DEBIT,132.93,,
DEBIT,01/09/2017,"Wal-Mart Super Cente PARKERSBURG ( WV        01/07",-20.02,DEBIT_CARD,167.93,,
DEBIT,01/06/2017,"Payment to Chase card ending in 7433 01/06",-114.00,ACCT_XFER,187.95,,
DEBIT,01/05/2017,"CABELAS VISA     PAYMENTS                   WEB ID: 2470839081",-75.00,ACH_DEBIT,301.95,,
DEBIT,01/05/2017,"QUICKEN LOANS    MTG PYMTS  3357858229      WEB ID: 9112356513",-670.35,ACH_DEBIT,376.95,,
CREDIT,01/05/2017,"CAPITAL ONE N.A. CAPITALONE                 PPD ID: 1510394779",100.00,ACH_CREDIT,1047.30,,
DEBIT,01/03/2017,"HLU*Hulu 42716429-U HULU.COM/BILL CA         01/01",-3.19,DEBIT_CARD,947.30,,
DEBIT,01/03/2017,"PAYPAL           INST XFER  EG ACTION       WEB ID: PAYPALSI77",-6.95,ACH_DEBIT,950.49,,
DEBIT,01/03/2017,"PAYPAL           INST XFER  OPENMINDSOF     WEB ID: PAYPALSI77",-8.90,ACH_DEBIT,957.44,,
DEBIT,01/03/2017,"PAYPAL           INST XFER  DAILYSMARTB     WEB ID: PAYPALSI77",-10.98,ACH_DEBIT,966.34,,
DEBIT,01/03/2017,"PAYPAL           INST XFER  GODADDY.COM     WEB ID: PAYPALSI77",-31.38,ACH_DEBIT,977.32,,
DEBIT,01/03/2017,"DOLLAR TR 220 GIHON VL PARKERSBURG WV        01/02",-11.64,DEBIT_CARD,1008.70,,
DEBIT,01/03/2017,"Wal-Mart Super Cente PARKERSBURG ( WV        01/02",-3.56,DEBIT_CARD,1020.34,,
DEBIT,01/03/2017,"FAMILY DOLLAR #0715 PARKERSBURG WV           01/02",-4.55,DEBIT_CARD,1023.90,,
DEBIT,01/03/2017,"THE HOME DEPOT #4803 VIENNA WV       502614  01/02",-19.23,DEBIT_CARD,1028.45,,
DEBIT,01/03/2017,"Wal-Mart Super Cente PARKERSBURG ( WV        01/02",-127.55,DEBIT_CARD,1047.68,,
DEBIT,01/03/2017,"LOWE'S #2246 2 WALTON PARKERSBURG WV         01/02",-16.03,DEBIT_CARD,1175.23,,
DEBIT,01/03/2017,"FAMILY DOLLAR # PARKERSBURG WV               01/01",-29.01,DEBIT_CARD,1191.26,,
DEBIT,01/03/2017,"JOANN FABRIC #0506 MARIETTA OH               01/01",-13.36,DEBIT_CARD,1220.27,,
DEBIT,01/03/2017,"GIHON VILLAGE F PARKERSBURG WV               12/31",-8.34,DEBIT_CARD,1233.63,,
DEBIT,01/03/2017,"KROGER    930 DIVISON PARKERSBURG WV         12/31",-19.05,DEBIT_CARD,1241.97,,
DEBIT,01/03/2017,"OFFICE DEPOT 00 4030 M PARKERSBURG WV841000  12/31",-19.25,DEBIT_CARD,1261.02,,
DEBIT,01/03/2017,"Wal-Mart Super Center VIENNA WV              12/31",-18.63,DEBIT_CARD,1280.27,,
DEBIT,01/03/2017,"GIHON VILLAGE F PARKERSBURG WV               12/31",-52.17,DEBIT_CARD,1298.90,,
DEBIT,01/03/2017,"Online Transfer 5904537886 to One Community FCU ####9000 transaction #: 5904537886 01/03",-270.00,ACCT_XFER,1351.07,,
DEBIT,01/03/2017,"Payment to Chase card ending in 2079 01/03",-25.00,ACCT_XFER,1621.07,,
DEBIT,01/03/2017,"7-ELEVEN 35921 VIENNA WV                     12/29",-20.95,DEBIT_CARD,1646.07,,
CREDIT,01/03/2017,"AGRI TREAS 310     FED SAL                  PPD ID: 9101036009",1390.76,ACH_CREDIT,1667.02,,
DEBIT,12/30/2016,"RITE AID STORE - 1405 PARKERSBURG WV 326385  12/30",-10.00,DEBIT_CARD,276.26,,
DEBIT,12/30/2016,"WM SUPERC Wal-Mart S PARKERSBURG ( WV        12/30",-11.63,DEBIT_CARD,286.26,,
DEBIT,12/30/2016,"INMAN FAMILY EYECARE I PARKERSBURG WV        12/30",-10.00,DEBIT_CARD,297.89,,
DEBIT,12/30/2016,"COLOMBOS RESTAURANT PARKERSBURG WV           12/29",-41.77,DEBIT_CARD,307.89,,
DEBIT,12/30/2016,"THIRD STREET DELI - PA PARKERSBURG WV        12/29",-6.69,DEBIT_CARD,349.66,,
DEBIT,12/30/2016,"BP#6457006PAR MAR STOR PARKERSBURG WV        12/29",-21.17,DEBIT_CARD,356.35,,
DEBIT,12/29/2016,"PAYPAL           INST XFER  MICROSOFTCO     WEB ID: PAYPALSI77",-2.13,ACH_DEBIT,377.52,,
DEBIT,12/29/2016,"PAYPAL           INST XFER  REMINGTON       WEB ID: PAYPALSI77",-20.90,ACH_DEBIT,379.65,,
DEBIT,12/29/2016,"THE HOME DEPOT #4803 VIENNA WV       638412  12/29",-9.78,DEBIT_CARD,400.55,,
DEBIT,12/29/2016,"THE HOME DEPOT #4803 VIENNA WV       811282  12/29",-0.79,DEBIT_CARD,410.33,,
DEBIT,12/29/2016,"PAR MAR STORE # PARKERSBURG WV               12/29",-5.17,DEBIT_CARD,411.12,,
DEBIT,12/29/2016,"Amazon.com AMZN.COM/BILL WA                  12/28",-78.98,DEBIT_CARD,416.29,,
CREDIT,12/29/2016,"MICROBAC LABS    DIRECT DEP                 PPD ID: 9111111103",170.95,ACH_CREDIT,495.27,,
DEBIT,12/28/2016,"PAYPAL           INST XFER  OPENMINDSOF     WEB ID: PAYPALSI77",-7.98,ACH_DEBIT,324.32,,
DEBIT,12/28/2016,"XPOMALL          IAT PAYPAL 1000406662617   WEB ID: 770510487C",-32.90,ACH_DEBIT,332.30,,
DEBIT,12/28/2016,"Wal-Mart Super Cente PARKERSBURG ( WV        12/28",-22.08,DEBIT_CARD,365.20,,
DEBIT,12/28/2016,"GIHON VILLAGE F PARKERSBURG WV               12/28",-10.96,DEBIT_CARD,387.28,,
DEBIT,12/28/2016,"OLLIES BARGAIN OUTLET PARKERSBURG WV         12/27",-26.74,DEBIT_CARD,398.24,,
DEBIT,12/28/2016,"1875 Great Clips at Ma PARKERSBURG WV        12/27",-19.00,DEBIT_CARD,424.98,,
CREDIT,12/28/2016,"ATM CASH DEPOSIT 12/28 321 MAIN ST BELPRE OH",100.00,ATM,443.98,,
DEBIT,12/27/2016,"AUDIOBOOKS.COM 855-876-6195 NY               12/24",-14.95,DEBIT_CARD,343.98,,
DEBIT,12/27/2016,"AmazonPrime Membersh amzn.com/prme WA        12/26",-105.93,DEBIT_CARD,358.93,,
DEBIT,12/27/2016,"PAT CATANS 34 PARKERSB PARKERSBURG WV754787  12/27",-7.86,DEBIT_CARD,464.86,,
DEBIT,12/27/2016,"WM SUPERC Wal-Mart S PARKERSBURG ( WV        12/27",-26.56,DEBIT_CARD,472.72,,
DEBIT,12/27/2016,"BURGER KING #12920 PARKERSBURG WV            12/26",-4.36,DEBIT_CARD,499.28,,
DEBIT,12/27/2016,"Wal-Mart Super Cente PARKERSBURG ( WV        12/26",-27.26,DEBIT_CARD,503.64,,
DEBIT,12/27/2016,"PAYPAL *NETFLIX.COM 402-935-7733 CA          12/26",-9.99,DEBIT_CARD,530.90,,
DSLIP,12/27/2016,"DEPOSIT  ID NUMBER 808220",150.00,DEPOSIT,540.89,,
DEBIT,12/27/2016,"AmazonPrime Membersh amzn.com/prme WA        12/26",105.93,DEBIT_CARD,390.89,,
CREDIT,12/27/2016,"ATM CASH DEPOSIT 12/26 321 MAIN ST BELPRE OH",200.00,ATM,284.96,,
DEBIT,12/23/2016,"Lowes CC         LWS EPAY   1210746964      WEB ID: 9069872103",-25.00,ACH_DEBIT,84.96,,
DEBIT,12/23/2016,"PAYMENT FOR AMZ  STORECARD  1210747321      WEB ID: 9069872103",-25.00,ACH_DEBIT,109.96,,
DEBIT,12/22/2016,"1875 Great Clips at Ma PARKERSBURG WV        12/21",-15.00,DEBIT_CARD,134.96,,
DEBIT,12/22/2016,"SQ *KASE'S CANDIES Parkersburg WV            12/21",-5.85,DEBIT_CARD,149.96,,
DEBIT,12/22/2016,"THE ORIGINAL PIZZA PLAC VIENNA WV            12/21",-16.28,DEBIT_CARD,155.81,,
DSLIP,12/22/2016,"Cash Redemption",20.07,DEPOSIT,172.09,,
DEBIT,12/21/2016,"CBS ALL ACCESS 888-274-5343 CA               12/19",-5.99,DEBIT_CARD,152.02,,
DEBIT,12/21/2016,"KOHLS 1063 189 BOSLEY PARKERSBURG WV 907841  12/21",-2.19,DEBIT_CARD,158.01,,
DEBIT,12/21/2016,"MCDONALD'S F3615 PARKERSBURG WV              12/20",-12.22,DEBIT_CARD,160.20,,
DEBIT,12/21/2016,"POPEYE'S #12190 VIENNA WV                    12/20",-4.92,DEBIT_CARD,172.42,,
DEBIT,12/20/2016,"DOLLAR-GE 4 8TH AVE PARKERSBURG WV           12/20",-5.67,DEBIT_CARD,177.34,,
DEBIT,12/20/2016,"Wal-Mart Super Cente PARKERSBURG ( WV        12/20",-24.31,DEBIT_CARD,183.01,,
DEBIT,12/20/2016,"OLLIES BARGAIN OUTLET PARKERSBURG WV         12/19",-4.00,DEBIT_CARD,207.32,,
DEBIT,12/20/2016,"MCDONALD'S F3615 PARKERSBURG WV              12/19",-6.07,DEBIT_CARD,211.32,,
DEBIT,12/19/2016,"CAPITAL ONE      ONLINE PMT 635239919292798 WEB ID: 9279744991",-300.00,ACH_DEBIT,217.39,,
DEBIT,12/19/2016,"PAT CATANS 34 PARKERSB PARKERSBURG WV023521  12/19",-27.61,DEBIT_CARD,517.39,,
DEBIT,12/19/2016,"LOWE'S #2246 PARKERSBURG WV          414689  12/18",-58.54,DEBIT_CARD,545.00,,
DEBIT,12/19/2016,"MCHAPPY'S BAKE SHOPPE BELPRE OH              12/18",-19.85,DEBIT_CARD,603.54,,
DEBIT,12/19/2016,"DOLLAR-GE 2107 PIKE ST PARKERSBURG WV        12/17",-14.20,DEBIT_CARD,623.39,,
DEBIT,12/19/2016,"RITE AID STORE - 1405 PARKERSBURG WV 252896  12/17",-50.24,DEBIT_CARD,637.59,,
DEBIT,12/19/2016,"DON EMILIOS RESTAURANT PARKERSBURG WV        12/17",-21.39,DEBIT_CARD,687.83,,
DEBIT,12/19/2016,"SUBWAY        00467282 PARKERSBURG WV        12/17",-16.43,DEBIT_CARD,709.22,,
DEBIT,12/19/2016,"LOWE'S #2246 PARKERSBURG WV          221065  12/17",-83.96,DEBIT_CARD,725.65,,
DEBIT,12/19/2016,"Online Payment 5873954433 To City of Parkersburg 12/19",-26.29,BILLPAY,809.61,,
DEBIT,12/19/2016,"Online Payment 5873953154 To DOMINION HOPE 12/19",-87.06,BILLPAY,835.90,,
DEBIT,12/19/2016,"Online Payment 5873953166 To PARKERSBURG UTILITY WV 12/19",-105.27,BILLPAY,922.96,,
DEBIT,12/19/2016,"Online Payment 5873953161 To MONONGAHELA POWER 12/19",-158.96,BILLPAY,1028.23,,
DEBIT,12/19/2016,"WM SUPERC Wal-Mart S PARKERSBURG ( WV        12/17 Purchase $104.85 Cash Back $20.00",-124.85,DEBIT_CARD,1187.19,,
DEBIT,12/19/2016,"KFC J625182 PARKERSBURG WV                   12/16",-5.21,DEBIT_CARD,1312.04,,
CREDIT,12/19/2016,"AGRI TREAS 310     FED SAL                  PPD ID: 9101036009",1289.26,ACH_CREDIT,1317.25,,
DEBIT,12/16/2016,"MOTORISTS INSURA INS PREM                   PPD ID: 1314259550",-227.15,ACH_DEBIT,27.99,,
DEBIT,12/16/2016,"DOLLAR TR 220 GIHON VL PARKERSBURG WV        12/16",-4.21,DEBIT_CARD,255.14,,
CREDIT,12/15/2016,"MICROBAC LABS    DIRECT DEP                 PPD ID: 9111111103",233.05,ACH_CREDIT,259.35,,
DEBIT,12/13/2016,"HLU*Hulu 42716429-U HULU.COM/BILL CA         12/12",-11.99,DEBIT_CARD,26.30,,
DEBIT,12/12/2016,"RITE AID STORE - 1405 PARKERSBURG WV 075602  12/12",-3.85,DEBIT_CARD,38.29,,
DEBIT,12/12/2016,"BLIZZARD ENT*WOW SUB BLIZZARD.COM CA         12/12",-14.99,DEBIT_CARD,42.14,,
DEBIT,12/12/2016,"BLIZZARD ENT*WOW SUB BLIZZARD.COM CA         12/09",-14.99,DEBIT_CARD,57.13,,
DEBIT,12/09/2016,"DOLLAR-GE 4 8TH AVE PARKERSBURG WV           12/09",-7.97,DEBIT_CARD,72.12,,
DEBIT,12/09/2016,"WE LUV PETS - MARI MARIETTA OH               12/08",-10.71,DEBIT_CARD,80.09,,
DEBIT,12/09/2016,"MCDONALD'S F3615 PARKERSBURG WV              12/08",-3.73,DEBIT_CARD,90.80,,
DEBIT,12/08/2016,"JCPenney CC      JCP EPAY   1196694686      WEB ID: 9069872103",-35.00,ACH_DEBIT,94.53,,
DEBIT,12/08/2016,"RITE AID STORE - 1405 PARKERSBURG WV 419466  12/08",-11.20,DEBIT_CARD,129.53,,
DEBIT,12/08/2016,"DOLLAR-GE 2107 PIKE ST PARKERSBURG WV        12/08",-12.79,DEBIT_CARD,140.73,,
DEBIT,12/06/2016,"KOHL'S DEPT STRS CHG PYMT   043000098982886 WEB ID: 9044021343",-27.00,ACH_DEBIT,153.52,,
DEBIT,12/06/2016,"DISCOUNT POOL SUPPLY PARKERSBURG WV          12/05",-64.63,DEBIT_CARD,180.52,,
DEBIT,12/06/2016,"GO MART #122 PARKERSBURG WV                  12/04",-20.00,DEBIT_CARD,245.15,,
DEBIT,12/06/2016,"AMAZON MKTPLACE PMTS AMZN.COM/BILL WA        12/05",-8.98,DEBIT_CARD,265.15,,
CREDIT,12/06/2016,"ATM CASH DEPOSIT 12/06 321 MAIN ST BELPRE OH",120.00,ATM,274.13,,
DEBIT,12/05/2016,"CABELAS VISA     PAYMENTS                   WEB ID: 2470839081",-67.00,ACH_DEBIT,154.13,,
DEBIT,12/05/2016,"QUICKEN LOANS    MTG PYMTS  3357858229      WEB ID: 9112356513",-670.35,ACH_DEBIT,221.13,,
DEBIT,12/05/2016,"Wal-Mart Super Cente PARKERSBURG ( WV        12/05",-19.79,DEBIT_CARD,891.48,,
DEBIT,12/05/2016,"WM SUPERC Wal-Mart S PARKERSBURG ( WV        12/04",-27.96,DEBIT_CARD,911.27,,
DEBIT,12/05/2016,"CRICUT 877-727-4288 UT                       12/03",-9.99,DEBIT_CARD,939.23,,
DEBIT,12/05/2016,"Wal-Mart Super Center MARIETTA OH            12/03",-313.38,DEBIT_CARD,949.22,,
DEBIT,12/05/2016,"WM SUPERC Wal-Mart S PARKERSBURG ( WV        12/03",-2.48,DEBIT_CARD,1262.60,,
DEBIT,12/05/2016,"TACO BELL #30912 PARKERSBURG WV              12/03",-2.13,DEBIT_CARD,1265.08,,
DEBIT,12/05/2016,"Payment to Chase card ending in 7433 12/05",-117.00,ACCT_XFER,1267.21,,
DEBIT,12/05/2016,"AMAZON MKTPLACE PMTS AMZN.COM/BILL WA        12/02",-7.73,DEBIT_CARD,1384.21,,
DEBIT,12/05/2016,"AMAZON MKTPLACE PMTS AMZN.COM/BILL WA        12/05",-7.73,DEBIT_CARD,1391.94,,
DEBIT,12/05/2016,"AMAZON MKTPLACE PMTS AMZN.COM/BILL WA        12/05",-10.66,DEBIT_CARD,1399.67,,
DEBIT,12/05/2016,"DON EMILIOS RESTAURANT PARKERSBURG WV        12/01",-25.12,DEBIT_CARD,1410.33,,
CREDIT,12/05/2016,"AGRI TREAS 310     FED SAL                  PPD ID: 9101036009",1289.26,ACH_CREDIT,1435.45,,
DEBIT,12/02/2016,"THIRD STREET DELI - PA PARKERSBURG WV        12/01",-10.43,DEBIT_CARD,146.19,,
DEBIT,12/01/2016,"FAMILY DOLLAR # PARKERSBURG WV               12/01",-17.27,DEBIT_CARD,156.62,,
DEBIT,12/01/2016,"DOLLAR TR 130 PARK CEN PARKERSBURG WV        12/01",-7.24,DEBIT_CARD,173.89,,
DEBIT,12/01/2016,"WM SUPERC Wal-Mart S PARKERSBURG ( WV        12/01",-42.82,DEBIT_CARD,181.13,,
DEBIT,12/01/2016,"Payment to Chase card ending in 2079 12/01",-25.00,ACCT_XFER,223.95,,
CREDIT,12/01/2016,"MICROBAC LABS    DIRECT DEP                 PPD ID: 9111111103",237.52,ACH_CREDIT,248.95,,
DEBIT,11/28/2016,"PAYPAL *NETFLIX.COM 402-935-7733 CA          11/26",-9.99,DEBIT_CARD,11.43,,
DEBIT,11/28/2016,"PAT CATANS 34 PARKERSB PARKERSBURG WV658296  11/26",-25.33,DEBIT_CARD,21.42,,
DEBIT,11/28/2016,"MCDONALD'S F3615 PARKERSBURG WV              11/26",-6.30,DEBIT_CARD,46.75,,
DEBIT,11/28/2016,"MEDEXPRESS UC S PARKER PARKERSBURG WV        11/25",-35.00,DEBIT_CARD,53.05,,
DEBIT,11/25/2016,"RITE AID STORE - 1405 PARKERSBURG WV 199011  11/25",-8.77,DEBIT_CARD,88.05,,
DEBIT,11/25/2016,"Payment to Chase card ending in 9786 11/25",-130.00,ACCT_XFER,96.82,,
DEBIT,11/25/2016,"RUBINS DELI PARKERSBURG WV                   11/22",-25.00,DEBIT_CARD,226.82,,
DEBIT,11/23/2016,"PAYPAL *SAHANCOCK 4029357733 CA              11/21",-3.19,DEBIT_CARD,251.82,,
DEBIT,11/22/2016,"BP#6457006PAR MAR STOR PARKERSBURG WV        11/21",-15.00,DEBIT_CARD,255.01,,
DEBIT,11/22/2016,"PARKERSBURG RURAL KING PARKERSBURG WV        11/21",-32.17,DEBIT_CARD,270.01,,
DEBIT,11/21/2016,"CBS ALL ACCESS 888-274-5343 CA               11/19",-5.99,DEBIT_CARD,302.18,,
DEBIT,11/21/2016,"CAPITAL ONE      ONLINE PMT 632639919412491 WEB ID: 9279744991",-25.00,ACH_DEBIT,308.17,,
DEBIT,11/21/2016,"Old Navy CC      OLDN EPAY  1188345253      WEB ID: 9069872103",-25.00,ACH_DEBIT,333.17,,
DEBIT,11/21/2016,"PAYMENT FOR AMZ  STORECARD  1188347354      WEB ID: 9069872103",-25.00,ACH_DEBIT,358.17,,
DEBIT,11/21/2016,"Lowes CC         LWS EPAY   1188344445      WEB ID: 9069872103",-51.00,ACH_DEBIT,383.17,,
DEBIT,11/21/2016,"CAPITAL ONE      ONLINE PMT 632639919412490 WEB ID: 9279744991",-183.00,ACH_DEBIT,434.17,,
DEBIT,11/21/2016,"RITE AID STORE - 1473 VIENNA WV      598839  11/21",-16.36,DEBIT_CARD,617.17,,
DEBIT,11/21/2016,"TRACFONE    *AIRTIME TRACFONE.COM FL         11/21",-10.86,DEBIT_CARD,633.53,,
DEBIT,11/21/2016,"TRACFONE    *AIRTIME TRACFONE.COM FL         11/21",-10.86,DEBIT_CARD,644.39,,
DEBIT,11/21/2016,"TRACFONE    *AIRTIME TRACFONE.COM FL         11/21",-10.86,DEBIT_CARD,655.25,,
DEBIT,11/21/2016,"Online Payment 5812152417 To DOMINION HOPE 11/21",-34.90,BILLPAY,666.11,,
DEBIT,11/21/2016,"Online Payment 5812151320 To MONONGAHELA POWER 11/21",-190.66,BILLPAY,701.01,,
DEBIT,11/21/2016,"Online Payment 5812138495 To City of Parkersburg 11/21",-26.29,BILLPAY,891.67,,
DEBIT,11/21/2016,"Online Payment 5812138448 To PARKERSBURG UTILITY WV 11/21",-102.68,BILLPAY,917.96,,
DEBIT,11/21/2016,"SUDDENLINK COMMUNICTN 304-343-3343 MO        11/21",-94.96,DEBIT_CARD,1020.64,,
DEBIT,11/21/2016,"KMART 3218 PARKERSBURG WV                    11/20",-22.45,DEBIT_CARD,1115.60,,
DEBIT,11/21/2016,"BURGER KING #12920 PARKERSBURG WV            11/20",-3.52,DEBIT_CARD,1138.05,,
DEBIT,11/21/2016,"WM SUPERC Wal-Mart S PARKERSBURG ( WV        11/20",-57.87,DEBIT_CARD,1141.57,,
DEBIT,11/21/2016,"MCHAPPY'S BAKE SHOPPE BELPRE OH              11/20",-13.88,DEBIT_CARD,1199.44,,
DEBIT,11/21/2016,"GIHON VILLAGE F PARKERSBURG WV               11/19",-7.53,DEBIT_CARD,1213.32,,
DEBIT,11/21/2016,"DOLLAR TR 220 GIHON VL PARKERSBURG WV        11/19",-5.35,DEBIT_CARD,1220.85,,
DEBIT,11/21/2016,"KROGER    1008 LEE STR BELPRE OH             11/19",-145.24,DEBIT_CARD,1226.20,,
DEBIT,11/21/2016,"PAT CATANS 34 PARKERSB PARKERSBURG WV001627  11/19",-53.47,DEBIT_CARD,1371.44,,
CREDIT,11/21/2016,"AGRI TREAS 310     FED SAL                  PPD ID: 9101036009",1289.26,ACH_CREDIT,1424.91,,
DEBIT,11/18/2016,"MCDONALD'S F3615 PARKERSBURG WV              11/17",-2.02,DEBIT_CARD,135.65,,
DEBIT,11/18/2016,"DON EMILIOS RESTAURANT PARKERSBURG WV        11/16",-21.39,DEBIT_CARD,137.67,,
DEBIT,11/17/2016,"BIG LOTS STORES 2107 P PARKERSBURG WV415289  11/17",-14.10,DEBIT_CARD,159.06,,
DEBIT,11/17/2016,"SQ *KASE'S CANDIES Parkersburg WV            11/16",-7.57,DEBIT_CARD,173.16,,
DEBIT,11/17/2016,"THE ORIGINAL PIZZA PLAC VIENNA WV            11/16",-8.39,DEBIT_CARD,180.73,,
CREDIT,11/17/2016,"MICROBAC LABS    DIRECT DEP                 PPD ID: 9111111103",127.73,ACH_CREDIT,189.12,,
DEBIT,11/16/2016,"MOTORISTS INSURA INS PREM                   PPD ID: 1314259550",-227.10,ACH_DEBIT,61.39,,
DEBIT,11/16/2016,"SPENCER GIFTS #340 PARKERSBURG WV    380920  11/16",-6.41,DEBIT_CARD,288.49,,
DEBIT,11/16/2016,"MCDONALD'S F5863 MARIETTA OH                 11/15",-5.82,DEBIT_CARD,294.90,,
DEBIT,11/16/2016,"MCDONALD'S F3615 PARKERSBURG WV              11/15",-2.02,DEBIT_CARD,300.72,,
DEBIT,11/15/2016,"BARCLAYCARD US   CREDITCARD 413640830       WEB ID: 2510407970",-43.56,ACH_DEBIT,302.74,,
DEBIT,11/15/2016,"BURGER KING #12920 PARKERSBURG WV            11/14",-3.52,DEBIT_CARD,346.30,,
CREDIT,11/15/2016,"ATM CASH DEPOSIT 11/15 321 MAIN ST BELPRE OH",100.00,ATM,349.82,,
DEBIT,11/14/2016,"HLU*Hulu 42716429-U HULU.COM/BILL CA         11/12",-11.99,DEBIT_CARD,249.82,,
DEBIT,11/14/2016,"BURGER KING #12920 PARKERSBURG WV            11/13",-2.99,DEBIT_CARD,261.81,,
DEBIT,11/14/2016,"MCDONALD'S F3615 PARKERSBURG WV              11/12",-8.11,DEBIT_CARD,264.80,,
DEBIT,11/14/2016,"SONIC DRIVE IN #5849 PARKERSBURG WV          11/12",-19.67,DEBIT_CARD,272.91,,
DEBIT,11/14/2016,"OLLIES BARGAIN OUTLET PARKERSBURG WV         11/12",-32.09,DEBIT_CARD,292.58,,
DEBIT,11/14/2016,"MCDONALD'S F3615 PARKERSBURG WV              11/12",-5.54,DEBIT_CARD,324.67,,
DEBIT,11/14/2016,"BLIZZARD ENT*WOW SUB BLIZZARD.COM CA         11/12",-14.99,DEBIT_CARD,330.21,,
DEBIT,11/14/2016,"PET SUPPLIES PLUS #153 VIENNA WV     297273  11/11",-16.54,DEBIT_CARD,345.20,,
DEBIT,11/14/2016,"CHICK-FIL-A #00629 PARKERSBURG WV            11/11",-2.13,DEBIT_CARD,361.74,,
DEBIT,11/14/2016,"BATH & BODY WORKS 0519 PARKERSBURG WV292028  11/11",-27.82,DEBIT_CARD,363.87,,
DEBIT,11/14/2016,"THIRD STREET DELI - PA PARKERSBURG WV        11/10",-18.73,DEBIT_CARD,391.69,,
DEBIT,11/10/2016,"KOHL'S DEPT STRS CHG PYMT   043000092535880 WEB ID: 9044021343",-27.00,ACH_DEBIT,410.42,,
DEBIT,11/10/2016,"PENN STATION 241 VIENNA WV                   11/09",-36.23,DEBIT_CARD,437.42,,
DEBIT,11/10/2016,"BLIZZARD ENT*WOW SUB BLIZZARD.COM CA         11/09",-14.99,DEBIT_CARD,473.65,,
DEBIT,11/09/2016,"QUICKEN LOANS    MTG PYMTS  3357858229      WEB ID: 9112356513",-670.35,ACH_DEBIT,488.64,,
DEBIT,11/09/2016,"GIHON VILLAGE F PARKERSBURG WV               11/09",-6.06,DEBIT_CARD,1158.99,,
DEBIT,11/09/2016,"RITE AID STORE - 1405 PARKERSBURG WV 409344  11/09",-3.29,DEBIT_CARD,1165.05,,
DEBIT,11/09/2016,"Wal-Mart Super Cente PARKERSBURG ( WV        11/09",-17.28,DEBIT_CARD,1168.34,,
DEBIT,11/09/2016,"Wal-Mart Super Cente PARKERSBURG ( WV        11/09",-8.43,DEBIT_CARD,1185.62,,
DEBIT,11/09/2016,"DOLLAR-GE 4 8TH AVE PARKERSBURG WV           11/09",-16.59,DEBIT_CARD,1194.05,,
DEBIT,11/09/2016,"GOODWILL KV VIENNA 3 VIENNA WV       229133  11/09",-15.49,DEBIT_CARD,1210.64,,
DEBIT,11/09/2016,"MCDONALD'S F5863 MARIETTA OH                 11/08",-5.42,DEBIT_CARD,1226.13,,
DEBIT,11/09/2016,"MCDONALD'S F3615 PARKERSBURG WV              11/08",-2.02,DEBIT_CARD,1231.55,,
DEBIT,11/09/2016,"NEW CHINA PARKERSBURG WV                     11/07",-10.53,DEBIT_CARD,1233.57,,
DEBIT,11/08/2016,"JCPenney CC      JCP EPAY   1178929088      WEB ID: 9069872103",-35.00,ACH_DEBIT,1244.10,,
DEBIT,11/08/2016,"CABELAS VISA     PAYMENTS                   WEB ID: 2470839081",-66.00,ACH_DEBIT,1279.10,,
DEBIT,11/08/2016,"1875 Great Clips at Ma PARKERSBURG WV        11/07",-15.00,DEBIT_CARD,1345.10,,
DEBIT,11/07/2016,"CAPITAL ONE      ONLINE PMT 631239919436844 WEB ID: 9279744991",-25.00,ACH_DEBIT,1360.10,,
DEBIT,11/07/2016,"Wal-Mart Super Cente PARKERSBURG ( WV        11/07",-9.33,DEBIT_CARD,1385.10,,
DEBIT,11/07/2016,"Wal-Mart Super Cente PARKERSBURG ( WV        11/07",-22.92,DEBIT_CARD,1394.43,,
DEBIT,11/07/2016,"Payment to Chase card ending in 9786 11/07",-25.00,ACCT_XFER,1417.35,,
DEBIT,11/07/2016,"Wal-Mart Super Cente PARKERSBURG ( WV        11/07",-23.49,DEBIT_CARD,1442.35,,
DEBIT,11/07/2016,"Payment to Chase card ending in 7433 11/07",-114.00,ACCT_XFER,1465.84,,
DEBIT,11/07/2016,"GIHON VILLAGE F PARKERSBURG WV               11/06",-9.79,DEBIT_CARD,1579.84,,
DEBIT,11/07/2016,"TRACTOR SUPPLY # 101 T PARKERSBURG WV660163  11/06",-15.89,DEBIT_CARD,1589.63,,
DEBIT,11/07/2016,"WM SUPERC Wal-Mart S PARKERSBURG ( WV        11/06",-29.39,DEBIT_CARD,1605.52,,
DEBIT,11/07/2016,"BURGER KING #2692 VIENNA WV                  11/04",-2.45,DEBIT_CARD,1634.91,,
CREDIT,11/07/2016,"AGRI TREAS 310     FED SAL                  PPD ID: 9101036009",1289.92,ACH_CREDIT,1637.36,,
DEBIT,11/04/2016,"TACO BELL #30912 PARKERSBURG WV              11/03",-6.20,DEBIT_CARD,347.44,,
DEBIT,11/04/2016,"HONEYBAKED HAM 2230-P2 PARKERSBURG WV        11/02",-21.05,DEBIT_CARD,353.64,,
DEBIT,11/03/2016,"WM SUPERC Wal-Mart S PARKERSBURG ( WV        11/03",-12.69,DEBIT_CARD,374.69,,
DEBIT,11/03/2016,"KROGER    1008 LEE STR BELPRE OH             11/03",-121.00,DEBIT_CARD,387.38,,
DEBIT,11/03/2016,"DOLLAR TR 220 GIHON VL PARKERSBURG WV        11/03",-16.91,DEBIT_CARD,508.38,,
DEBIT,11/03/2016,"GABRIEL BROS-PA PARKERSBURG WV               11/03",-8.53,DEBIT_CARD,525.29,,
DEBIT,11/03/2016,"OFFICE DEPOT 00 4030 M PARKERSBURG WV433691  11/03",-13.89,DEBIT_CARD,533.82,,
DEBIT,11/03/2016,"MCDONALD'S F5863 MARIETTA OH                 11/02",-3.92,DEBIT_CARD,547.71,,
DEBIT,11/02/2016,"Payment to Chase card ending in 2079 11/02",-25.00,ACCT_XFER,551.63,,
DEBIT,11/02/2016,"THIRD STREET DELI - PA PARKERSBURG WV        11/01",-6.69,DEBIT_CARD,576.63,,
DEBIT,11/01/2016,"Wal-Mart Super Cente PARKERSBURG ( WV        11/01",-21.39,DEBIT_CARD,583.32,,
DEBIT,11/01/2016,"DOLLAR TREE PARKERSBURG WV                   10/31",-10.70,DEBIT_CARD,604.71,,
DEBIT,11/01/2016,"MCDONALD'S F3615 PARKERSBURG WV              10/31",-2.33,DEBIT_CARD,615.41,,
DEBIT,11/01/2016,"FAMILY DOLLAR #0715 PARKERSBURG WV           10/31",-7.22,DEBIT_CARD,617.74,,
CREDIT,11/01/2016,"CAPITAL ONE N.A. CAPITALONE                 PPD ID: 1510394779",200.00,ACH_CREDIT,624.96,,
DEBIT,10/31/2016,"GIHON VILLAGE F PARKERSBURG WV               10/31",-10.65,DEBIT_CARD,424.96,,
DEBIT,10/31/2016,"PAT CATANS 34 PARKERSB PARKERSBURG WV062172  10/31",-18.93,DEBIT_CARD,435.61,,
DEBIT,10/31/2016,"DOLLAR TR 220 GIHON VL PARKERSBURG WV        10/30",-5.75,DEBIT_CARD,454.54,,
DEBIT,10/31/2016,"BURGER KING #12920 PARKERSBURG WV            10/30",-4.58,DEBIT_CARD,460.29,,
DEBIT,10/31/2016,"RITE AID STORE - 1405 PARKERSBURG WV 069440  10/29",-105.85,DEBIT_CARD,464.87,,
DEBIT,10/31/2016,"Wal-Mart Super Cente PARKERSBURG ( WV        10/29",-121.29,DEBIT_CARD,570.72,,
DEBIT,10/31/2016,"MCDONALD'S F3615 PARKERSBURG WV              10/29",-6.07,DEBIT_CARD,692.01,,
DEBIT,10/31/2016,"CAPTAIN DS 35500035519 PARKERSBURG WV        10/28",-15.48,DEBIT_CARD,698.08,,
DEBIT,10/31/2016,"STARBUCKS STORE 03452 CHARLESTON WV          10/28",-4.98,DEBIT_CARD,713.56,,
DEBIT,10/27/2016,"SAMS CLUB SAM'S Club VIENNA WV               10/27",-96.14,DEBIT_CARD,718.54,,
DEBIT,10/27/2016,"PIZZA HUT #027286 PARKERSBURG WV             10/26",-27.82,DEBIT_CARD,814.68,,
DEBIT,10/27/2016,"DICARLO'S PIZZA PARKERSBURG WV               10/27",-17.63,DEBIT_CARD,842.50,,
DEBIT,10/26/2016,"RITE AID STORE - 1405 PARKERSBURG WV 178215  10/26",-8.04,DEBIT_CARD,860.13,,
DEBIT,10/26/2016,"Wal-Mart Super Cente PARKERSBURG ( WV        10/26",-15.30,DEBIT_CARD,868.17,,
DEBIT,10/25/2016,"Old Navy CC      OLDN EPAY  1170279282      WEB ID: 9069872103",-25.00,ACH_DEBIT,883.47,,
DEBIT,10/25/2016,"Lowes CC         LWS EPAY   1170278227      WEB ID: 9069872103",-25.00,ACH_DEBIT,908.47,,
DEBIT,10/25/2016,"PAYMENT FOR AMZ  STORECARD  1170279587      WEB ID: 9069872103",-25.00,ACH_DEBIT,933.47,,
DEBIT,10/25/2016,"Online Payment 5751119736 To MONONGAHELA POWER 10/25",-115.96,BILLPAY,958.47,,
DEBIT,10/25/2016,"Online Payment 5751119731 To DOMINION HOPE 10/25",-21.89,BILLPAY,1074.43,,
DEBIT,10/25/2016,"MCDONALD'S F3615 PARKERSBURG WV              10/24",-8.09,DEBIT_CARD,1096.32,,
DEBIT,10/24/2016,"CAPITAL ONE      ONLINE PMT 629839919522768 WEB ID: 9279744991",-174.00,ACH_DEBIT,1104.41,,
DEBIT,10/24/2016,"Wal-Mart Super Cente PARKERSBURG ( WV        10/24",-69.22,DEBIT_CARD,1278.41,,
DEBIT,10/24/2016,"DOLLAR TR 220 GIHON VL PARKERSBURG WV        10/23",-3.21,DEBIT_CARD,1347.63,,
CREDIT,10/24/2016,"AGRI TREAS 310     FED SAL                  PPD ID: 9101036009",1289.92,ACH_CREDIT,1350.84,,
DEBIT,10/21/2016,"CBS ALL ACCESS 888-274-5343 CA               10/19",-5.99,DEBIT_CARD,60.92,,
DEBIT,10/20/2016,"POPEYE'S #12190 VIENNA WV                    10/19",-30.04,DEBIT_CARD,66.91,,
DEBIT,10/20/2016,"SUDDENLINK COMMUNICTN 304-343-3343 MO        10/20",-94.97,DEBIT_CARD,96.95,,
DEBIT,10/19/2016,"MCHAPPY'S BAKE SHOPPE BELPRE OH              10/20",-14.17,DEBIT_CARD,191.92,,
DEBIT,10/19/2016,"BV SOUTHSIDE AQUARIUM PARKERSBURG WV         10/18",-46.80,DEBIT_CARD,206.09,,
DEBIT,10/19/2016,"WENDY'S #4103 PARKERSBURG WV                 10/18",-5.44,DEBIT_CARD,252.89,,
DEBIT,10/18/2016,"WM SUPERC Wal-Mart S PARKERSBURG ( WV        10/18",-13.13,DEBIT_CARD,258.33,,
DEBIT,10/18/2016,"TRACTOR SUPPLY # 101 T PARKERSBURG WV564936  10/18",-15.89,DEBIT_CARD,271.46,,
CREDIT,10/18/2016,"Online Transfer 5728657929 from One Community FCU ####9000 transaction #: 5728657929 10/18",150.00,ACCT_XFER,287.35,,
DEBIT,10/17/2016,"MOTORISTS INSURA INS PREM                   PPD ID: 1314259550",-227.10,ACH_DEBIT,137.35,,
DEBIT,10/17/2016,"Wal-Mart Super Cente PARKERSBURG ( WV        10/16",-9.84,DEBIT_CARD,364.45,,
DEBIT,10/17/2016,"1875 Great Clips at Ma PARKERSBURG WV        10/14",-18.00,DEBIT_CARD,374.29,,
DEBIT,10/13/2016,"HLU*Hulu 42716429-U HULU.COM/BILL CA         10/12",-11.99,DEBIT_CARD,392.29,,
DEBIT,10/12/2016,"Payment to Chase card ending in 9786 10/12",-25.00,ACCT_XFER,404.28,,
DEBIT,10/12/2016,"BLIZZARD ENT*WOW SUB BLIZZARD.COM CA         10/12",-14.99,DEBIT_CARD,429.28,,
DEBIT,10/12/2016,"Online Payment 5723521384 To City of Parkersburg 10/12",-26.29,BILLPAY,444.27,,
DEBIT,10/12/2016,"Online Payment 5723521378 To PARKERSBURG UTILITY WV 10/12",-139.67,BILLPAY,470.56,,
DEBIT,10/11/2016,"JCPenney CC      JCP EPAY   1160689754      WEB ID: 9069872103",-25.00,ACH_DEBIT,610.23,,
DEBIT,10/11/2016,"CAPITAL ONE      ONLINE PMT 628439919400327 WEB ID: 9279744991",-25.00,ACH_DEBIT,635.23,,
DEBIT,10/11/2016,"KOHL'S DEPT STRS CHG PYMT   043000095949042 WEB ID: 9044021343",-27.00,ACH_DEBIT,660.23,,
DEBIT,10/11/2016,"Wal-Mart Super Cente PARKERSBURG ( WV        10/11",-25.97,DEBIT_CARD,687.23,,
DEBIT,10/11/2016,"BLIZZARD ENT*WOW SUB BLIZZARD.COM CA         10/09",-14.99,DEBIT_CARD,713.20,,
DEBIT,10/11/2016,"Payment to Chase card ending in 7433 10/11",-115.00,ACCT_XFER,728.19,,
DEBIT,10/11/2016,"MCDONALD'S F3615 PARKERSBURG WV              10/09",-3.83,DEBIT_CARD,843.19,,
DEBIT,10/11/2016,"PAYPAL *NAPSTER 402-935-7733 CA              10/09",-95.90,DEBIT_CARD,847.02,,
DEBIT,10/11/2016,"WM SUPERC Wal-Mart S PARKERSBURG ( WV        10/08",-32.29,DEBIT_CARD,942.92,,
DEBIT,10/11/2016,"SAM'S Club VIENNA WV                         10/08",-159.10,DEBIT_CARD,975.21,,
DEBIT,10/11/2016,"KROGER    1008 LEE STR BELPRE OH             10/08",-160.52,DEBIT_CARD,1134.31,,
DEBIT,10/11/2016,"SPEEDWAY 09743 BEL BELPRE OH                 10/08",-25.00,DEBIT_CARD,1294.83,,
CREDIT,10/11/2016,"AGRI TREAS 310     FED SAL                  PPD ID: 9101036009",1289.92,ACH_CREDIT,1319.83,,
DEBIT,10/07/2016,"QUICKEN LOANS    MTG PYMTS  3357858229      WEB ID: 9112356513",-670.35,ACH_DEBIT,29.91,,
CREDIT,10/05/2016,"Online Transfer 5702168774 from One Community FCU ####9000 transaction #: 5702168774 10/05",200.00,ACCT_XFER,700.26,,
DEBIT,10/04/2016,"WENDY'S #4103 PARKERSBURG WV                 10/03",-7.67,DEBIT_CARD,500.26,,
DEBIT,10/03/2016,"PAYPAL           INST XFER  HUMBLEBUNDL     WEB ID: PAYPALSI77",-8.00,ACH_DEBIT,507.93,,
DEBIT,10/03/2016,"Wal-Mart Super Cente PARKERSBURG ( WV        10/02",-26.02,DEBIT_CARD,515.93,,
DEBIT,10/03/2016,"MCDONALD'S F3615 PARKERSBURG WV              10/01",-6.29,DEBIT_CARD,541.95,,
DEBIT,10/03/2016,"SONIC DRIVE IN #5849 PARKERSBURG WV          10/01",-12.28,DEBIT_CARD,548.24,,
DEBIT,10/03/2016,"BIG LOTS STORES - #018 PARKERSBURG WV        09/30",-15.56,DEBIT_CARD,560.52,,
DEBIT,10/03/2016,"DON EMILIOS RESTAURANT PARKERSBURG WV        09/30",-29.66,DEBIT_CARD,576.08,,
DSLIP,10/03/2016,"REMOTE ONLINE DEPOSIT #          1",0.10,CHECK_DEPOSIT,605.74,1,
DEBIT,09/30/2016,"WENDY'S #4103 PARKERSBURG WV                 09/29",-11.40,DEBIT_CARD,605.64,,
DEBIT,09/29/2016,"KROGER    930 DIVISON PARKERSBURG WV         09/29",-5.34,DEBIT_CARD,617.04,,
DEBIT,09/29/2016,"ADVANCE AUTO PA PARKERSBURG WV               09/29",-26.74,DEBIT_CARD,622.38,,
DEBIT,09/29/2016,"SONIC DRIVE IN #5849 PARKERSBURG WV          09/28",-15.81,DEBIT_CARD,649.12,,
DEBIT,09/29/2016,"PAYPAL *NETFLIX.COM 402-935-7733 CA          09/28",-9.99,DEBIT_CARD,664.93,,
CREDIT,09/29/2016,"CAPITAL ONE N.A. CAPITALONE                 PPD ID: 1510394779",200.00,ACH_CREDIT,674.92,,
DEBIT,09/28/2016,"CABELAS VISA     PAYMENTS                   WEB ID: 2470839081",-67.00,ACH_DEBIT,474.92,,
DEBIT,09/28/2016,"VZ WIRELESS VE   VZW WEBPAY 9817265         WEB ID: 0000751800",-189.19,ACH_DEBIT,541.92,,
DEBIT,09/28/2016,"RITE AID STORE - 1405 PARKERSBURG WV 469596  09/28",-2.22,DEBIT_CARD,731.11,,
DEBIT,09/28/2016,"Wal-Mart Super Cente PARKERSBURG ( WV        09/28",-82.16,DEBIT_CARD,733.33,,
DEBIT,09/28/2016,"DOLLAR TR 220 GIHON VL PARKERSBURG WV        09/28",-4.28,DEBIT_CARD,815.49,,
DEBIT,09/28/2016,"TRACTOR SUPPLY # 101 T PARKERSBURG WV830537  09/28",-28.60,DEBIT_CARD,819.77,,
DEBIT,09/27/2016,"Online Payment 5689645404 To DOMINION HOPE 09/27",-18.82,BILLPAY,848.37,,
DEBIT,09/27/2016,"Online Payment 5689645418 To MONONGAHELA POWER 09/27",-144.96,BILLPAY,867.19,,
DEBIT,09/27/2016,"Payment to Chase card ending in 2079 09/27",-25.00,ACCT_XFER,1012.15,,
DEBIT,09/27/2016,"PAR MAR #3 PARKERSBURG WV                    09/27",-5.33,DEBIT_CARD,1037.15,,
DEBIT,09/27/2016,"WENDY'S #4103 PARKERSBURG WV                 09/26",-4.04,DEBIT_CARD,1042.48,,
DEBIT,09/26/2016,"Old Navy CC      OLDN EPAY  1150659836      WEB ID: 9069872103",-25.00,ACH_DEBIT,1046.52,,
DEBIT,09/26/2016,"PAYMENT FOR AMZ  STORECARD  1150660313      WEB ID: 9069872103",-25.00,ACH_DEBIT,1071.52,,
DEBIT,09/26/2016,"CAPITAL ONE      ONLINE PMT 626839919229225 WEB ID: 9279744991",-79.00,ACH_DEBIT,1096.52,,
DEBIT,09/26/2016,"Wal-Mart Super Cente PARKERSBURG ( WV        09/26",-66.12,DEBIT_CARD,1175.52,,
DEBIT,09/26/2016,"GIHON VILLAGE F PARKERSBURG WV               09/25",-13.82,DEBIT_CARD,1241.64,,
DEBIT,09/26/2016,"GIHON VILLAGE F PARKERSBURG WV               09/25",-7.99,DEBIT_CARD,1255.46,,
DEBIT,09/26/2016,"MCDONALD'S F3615 PARKERSBURG WV              09/25",-16.30,DEBIT_CARD,1263.45,,
DEBIT,09/26/2016,"KROGER    930 DIVISON PARKERSBURG WV         09/24",-45.88,DEBIT_CARD,1279.75,,
DEBIT,09/26/2016,"MCHAPPY'S BAKE SHOPPE BELPRE OH              09/23",-6.99,DEBIT_CARD,1325.63,,
CREDIT,09/26/2016,"AGRI TREAS 310     FED SAL                  PPD ID: 9101036009",1289.92,ACH_CREDIT,1332.62,,
DEBIT,09/23/2016,"PAT CATANS 34 PARKERSB PARKERSBURG WV390458  09/23",-13.95,DEBIT_CARD,42.70,,
DEBIT,09/22/2016,"MCDONALD'S F3615 PARKERSBURG WV              09/21",-2.02,DEBIT_CARD,56.65,,
DEBIT,09/21/2016,"CBS ALL ACCESS 888-274-5343 CA               09/19",-5.99,DEBIT_CARD,58.67,,
DEBIT,09/21/2016,"DOLLAR TR 220 GIHON VL PARKERSBURG WV        09/21",-5.00,DEBIT_CARD,64.66,,
DEBIT,09/21/2016,"MCDONALD'S F3615 PARKERSBURG WV              09/20",-11.41,DEBIT_CARD,69.66,,
DEBIT,09/19/2016,"Lowes CC         LWS EPAY   1146618196      WEB ID: 9069872103",-25.00,ACH_DEBIT,81.07,,
DEBIT,09/19/2016,"CVS/PHARMACY #06 06276 PARKERSBURG WV851416  09/19",-9.26,DEBIT_CARD,106.07,,
DEBIT,09/19/2016,"BURGER KING #12920 PARKERSBURG WV            09/18",-5.86,DEBIT_CARD,115.33,,
DEBIT,09/19/2016,"PAR MAR #3 PARKERSBURG WV                    09/17",-2.99,DEBIT_CARD,121.19,,
DEBIT,09/19/2016,"GREAT AMERICAN COOKIE VIENNA WV              09/16",-8.54,DEBIT_CARD,124.18,,
DEBIT,09/19/2016,"GARYS ALWAYS HOT PARKERSBURG WV              09/16",-11.97,DEBIT_CARD,132.72,,
DEBIT,09/19/2016,"TIM HORTON'S #919353 PARKERSBURG WV          09/16",-6.40,DEBIT_CARD,144.69,,
DEBIT,09/16/2016,"MOTORISTS INSURA INS PREM                   PPD ID: 1314259550",-373.75,ACH_DEBIT,151.09,,
DEBIT,09/16/2016,"PARTY CITY #959 400 Gr Vienna WV     729972  09/16",-2.14,DEBIT_CARD,524.84,,
DEBIT,09/16/2016,"RITE AID STORE - 1405 PARKERSBURG WV 198929  09/16",-39.54,DEBIT_CARD,526.98,,
DEBIT,09/15/2016,"Wal-Mart Super Cente PARKERSBURG ( WV        09/15",-21.09,DEBIT_CARD,566.52,,
DEBIT,09/13/2016,"HLU*Hulu 42716429-U HULU.COM/BILL CA         09/12",-11.99,DEBIT_CARD,587.61,,
DEBIT,09/13/2016,"KOHL'S DEPT STRS CHG PYMT   043000092757586 WEB ID: 9044021343",-27.00,ACH_DEBIT,599.60,,
DEBIT,09/13/2016,"BARCLAYCARD US   CREDITCARD 399479427       WEB ID: 2510407970",-44.48,ACH_DEBIT,626.60,,
DEBIT,09/13/2016,"CAPITAL ONE AUTO CARPAY     006207526344001 WEB ID: 9541719806",-312.62,ACH_DEBIT,671.08,,
DEBIT,09/13/2016,"WM SUPERC Wal-Mart S PARKERSBURG ( WV        09/13",-20.18,DEBIT_CARD,983.70,,
DEBIT,09/13/2016,"RITE AID STORE - 1405 PARKERSBURG WV 451017  09/13",-16.98,DEBIT_CARD,1003.88,,
DEBIT,09/13/2016,"PAPA JOHN'S #00326 304-428-4400 WV           09/12",-20.33,DEBIT_CARD,1020.86,,
DEBIT,09/12/2016,"CAPITAL ONE      ONLINE PMT 625639919363666 WEB ID: 9279744991",-75.00,ACH_DEBIT,1041.19,,
DEBIT,09/12/2016,"RITE AID STORE - 1405 PARKERSBURG WV 008308  09/12",-3.29,DEBIT_CARD,1116.19,,
DEBIT,09/12/2016,"Payment to Chase card ending in 9786 09/12",-25.00,ACCT_XFER,1119.48,,
DEBIT,09/12/2016,"FAMILY DOLLAR #0715 PARKERSBURG WV           09/11",-6.42,DEBIT_CARD,1144.48,,
DEBIT,09/12/2016,"KROGER    930 DIVISON PARKERSBURG WV         09/11",-13.56,DEBIT_CARD,1150.90,,
DEBIT,09/12/2016,"PAT CATANS 34 PARKERSB PARKERSBURG WV552877  09/11",-30.51,DEBIT_CARD,1164.46,,
DEBIT,09/12/2016,"Wal-Mart Super Cente PARKERSBURG ( WV        09/11",-106.44,DEBIT_CARD,1194.97,,
DEBIT,09/12/2016,"BURGER KING #12920 PARKERSBURG WV            09/11",-5.33,DEBIT_CARD,1301.41,,
CREDIT,09/12/2016,"AGRI TREAS 310     FED SAL                  PPD ID: 9101036009",1289.92,ACH_CREDIT,1306.74,,
DEBIT,09/09/2016,"TJ        TJ MAXX PARKERSBURG WV             09/09",-34.21,DEBIT_CARD,16.82,,
DEBIT,09/07/2016,"PAT CATANS 34 PARKERSB PARKERSBURG WV581923  09/07",-16.54,DEBIT_CARD,51.03,,
DEBIT,09/06/2016,"Wal-Mart Super Cente PARKERSBURG ( WV        09/06",-25.39,DEBIT_CARD,67.57,,
DEBIT,09/06/2016,"SAM'S Club VIENNA WV                         09/05",-1.90,DEBIT_CARD,92.96,,
DEBIT,09/02/2016,"THE PIZZA PLACE SOUTH PARKERSBURG WV         09/01",-7.35,DEBIT_CARD,94.86,,
DEBIT,09/01/2016,"BURGER KING #13378 PARKERSBURG WV            09/01",-3.52,DEBIT_CARD,102.21,,
DEBIT,08/31/2016,"FAMILY DOLLAR #0715 PARKERSBURG WV           08/30",-8.37,DEBIT_CARD,105.73,,
DEBIT,08/31/2016,"J AND M USED BOOK STOR PARKERSBURG WV        08/30",-11.23,DEBIT_CARD,114.10,,
DEBIT,08/31/2016,"KFC J625182 PARKERSBURG WV                   08/30",-2.02,DEBIT_CARD,125.33,,
DEBIT,08/31/2016,"OLIVE GARDEN  00015099 LANCASTER OH          08/29",-56.04,DEBIT_CARD,127.35,,
DEBIT,08/29/2016,"JCPenney CC      JCP EPAY   1132647560      WEB ID: 9069872103",-25.00,ACH_DEBIT,183.39,,
DEBIT,08/29/2016,"CABELAS VISA     PAYMENTS                   WEB ID: 2470839081",-66.00,ACH_DEBIT,208.39,,
DEBIT,08/29/2016,"VZ WIRELESS VE   VZW WEBPAY 9647181         WEB ID: 0000751800",-130.61,ACH_DEBIT,274.39,,
DEBIT,08/29/2016,"QUICKEN LOANS    MTG PYMTS  3357858229      WEB ID: 9112356513",-670.35,ACH_DEBIT,405.00,,
DEBIT,08/29/2016,"Wal-Mart Super Cente PARKERSBURG ( WV        08/28",-18.18,DEBIT_CARD,1075.35,,
DEBIT,08/29/2016,"PAYPAL *NETFLIX.COM 402-935-7733 CA          08/28",-9.99,DEBIT_CARD,1093.53,,
DEBIT,08/29/2016,"Wal-Mart Super Cente PARKERSBURG ( WV        08/27",-46.93,DEBIT_CARD,1103.52,,
DEBIT,08/29/2016,"RITE AID STORE - 1405 PARKERSBURG WV 286807  08/27",-98.03,DEBIT_CARD,1150.45,,
DEBIT,08/29/2016,"WM SUPERC Wal-Mart S PARKERSBURG ( WV        08/27",-39.72,DEBIT_CARD,1248.48,,
DEBIT,08/29/2016,"Online Payment 5621773867 To Gymniks Gymnastics 08/29",-81.00,BILLPAY,1288.20,,
DEBIT,08/29/2016,"Payment to Chase card ending in 2079 08/29",-25.00,ACCT_XFER,1369.20,,
DEBIT,08/29/2016,"Payment to Chase card ending in 7433 08/29",-105.00,ACCT_XFER,1394.20,,
CREDIT,08/29/2016,"AGRI TREAS 310     FED SAL                  PPD ID: 9101036009",1289.92,ACH_CREDIT,1499.20,,
CREDIT,08/29/2016,"ATM CASH DEPOSIT 08/29 321 MAIN ST BELPRE OH",200.00,ATM,209.28,,
DEBIT,08/26/2016,"DOLLAR TR 220 GIHON VL PARKERSBURG WV        08/26",-9.10,DEBIT_CARD,9.28,,
DEBIT,08/25/2016,"Old Navy CC      OLDN EPAY  1124244939      WEB ID: 9069872103",-25.00,ACH_DEBIT,18.38,,
DEBIT,08/23/2016,"Lowes CC         LWS EPAY   1124244386      WEB ID: 9069872103",-25.00,ACH_DEBIT,43.38,,
DEBIT,08/22/2016,"CBS ALL ACCESS 888-274-5343 CA               08/19",-5.99,DEBIT_CARD,68.38,,
DEBIT,08/22/2016,"SLING.COM 888-393-6312 CO                    08/21",-19.99,DEBIT_CARD,74.37,,
DEBIT,08/22/2016,"DOLLAR TREE 220 GIHON PARKERSBURG WV 806484  08/20",-2.14,DEBIT_CARD,94.36,,
DEBIT,08/22/2016,"DOLLAR TR 220 GIHON VL PARKERSBURG WV        08/20",-10.68,DEBIT_CARD,96.50,,
DEBIT,08/19/2016,"MCDONALD'S F3615 PARKERSBURG WV              08/18",-3.31,DEBIT_CARD,107.18,,
DEBIT,08/18/2016,"Wal-Mart Super Cente PARKERSBURG ( WV        08/18",-20.80,DEBIT_CARD,110.49,,
DEBIT,08/17/2016,"RITE AID STORE - 1405 PARKERSBURG WV 387951  08/17",-20.10,DEBIT_CARD,131.29,,
DEBIT,08/17/2016,"TRACTOR SUPPLY # 101 T PARKERSBURG WV864110  08/17",-15.89,DEBIT_CARD,151.39,,
DEBIT,08/16/2016,"MOTORISTS INSURA INS PREM                   PPD ID: 1314259550",-373.75,ACH_DEBIT,167.28,,
DEBIT,08/16/2016,"MCDONALD'S F5282 VIENNA WV                   08/15",-3.30,DEBIT_CARD,541.03,,
DEBIT,08/16/2016,"GOODWILL INDUSTRIES VIENNA WV                08/15",-5.86,DEBIT_CARD,544.33,,
DEBIT,08/16/2016,"NOAHS ARC THRIFT SHOP # 3044223151 WV        08/15",-5.35,DEBIT_CARD,550.19,,
DEBIT,08/15/2016,"HLU*Hulu 42716429-U HULU.COM/BILL CA         08/12",-11.99,DEBIT_CARD,555.54,,
DEBIT,08/15/2016,"PAYMENT FOR AMZ  STORECARD  1124245098      WEB ID: 9069872103",-25.00,ACH_DEBIT,567.53,,
DEBIT,08/15/2016,"CAPITAL ONE      ONLINE PMT 622639919247727 WEB ID: 9279744991",-37.89,ACH_DEBIT,592.53,,
DEBIT,08/15/2016,"BARCLAYCARD US   CREDITCARD 393086108       WEB ID: 2510407970",-45.79,ACH_DEBIT,630.42,,
DEBIT,08/15/2016,"CAPITAL ONE AUTO CARPAY     006207526344001 WEB ID: 9541719806",-312.62,ACH_DEBIT,676.21,,
DEBIT,08/15/2016,"DOLLAR TR 220 GIHON VL PARKERSBURG WV        08/14",-15.45,DEBIT_CARD,988.83,,
DEBIT,08/15/2016,"OLLIES BARGAIN OUTLET PARKERSBURG WV         08/14",-19.36,DEBIT_CARD,1004.28,,
DEBIT,08/15/2016,"Wal-Mart Super Cente PARKERSBURG ( WV        08/13",-124.06,DEBIT_CARD,1023.64,,
DEBIT,08/15/2016,"Online Payment 5592350711 To DOMINION HOPE 08/15",-19.44,BILLPAY,1147.70,,
DEBIT,08/15/2016,"Online Payment 5592347687 To City of Parkersburg 08/15",-26.29,BILLPAY,1167.14,,
DEBIT,08/15/2016,"Online Payment 5592347682 To PARKERSBURG UTILITY WV 08/15",-157.51,BILLPAY,1193.43,,
DEBIT,08/15/2016,"Payment to Chase card ending in 9786 08/15",-25.00,ACCT_XFER,1350.94,,
CREDIT,08/15/2016,"AGRI TREAS 310     FED SAL                  PPD ID: 9101036009",1289.92,ACH_CREDIT,1375.94,,
DEBIT,08/11/2016,"THE PIZZA PLACE SOUTH PARKERSBURG WV         08/10",-7.95,DEBIT_CARD,86.02,,
DEBIT,08/10/2016,"GIHON VILLAGE F PARKERSBURG WV               08/10",-12.49,DEBIT_CARD,93.97,,
DEBIT,08/08/2016,"JCPenney CC      JCP EPAY   1119798890      WEB ID: 9069872103",-25.00,ACH_DEBIT,106.46,,
DEBIT,08/08/2016,"CAPITAL ONE N.A. CAPITALONE 000000178473053 WEB ID: 1510394779",-30.00,ACH_DEBIT,131.46,,
DEBIT,08/08/2016,"BP#6456552PAR MAR #3 PARKERSBURG WV          08/07",-15.01,DEBIT_CARD,161.46,,
DEBIT,08/08/2016,"Wal-Mart Super Cente PARKERSBURG ( WV        08/06",-46.30,DEBIT_CARD,176.47,,
DEBIT,08/08/2016,"MCDONALD'S F3615 PARKERSBURG WV              08/05",-17.30,DEBIT_CARD,222.77,,
DEBIT,08/05/2016,"WM SUPERC Wal-Mart Sup VIENNA WV             08/05",-26.44,DEBIT_CARD,240.07,,
DEBIT,08/05/2016,"THIRD STREET DELI - PA PARKERSBURG WV        08/04",-6.96,DEBIT_CARD,266.51,,
DEBIT,08/04/2016,"DISCOUNT POOL SUPPLY PARKERSBURG WV          08/03",-15.89,DEBIT_CARD,273.47,,
DEBIT,08/03/2016,"CAPITAL ONE      ONLINE PMT 621639919148080 WEB ID: 9279744991",-75.00,ACH_DEBIT,289.36,,
DEBIT,08/03/2016,"TJ        TJ MAXX PARKERSBURG WV             08/03",-53.44,DEBIT_CARD,364.36,,
DEBIT,08/03/2016,"DOLLAR TR 220 GIHON VL PARKERSBURG WV        08/03",-8.35,DEBIT_CARD,417.80,,
DEBIT,08/03/2016,"BOOKS A MILLION 754 VIENNA WV        022595  08/03",-19.22,DEBIT_CARD,426.15,,
DEBIT,08/03/2016,"WM SUPERC Wal-Mart S PARKERSBURG ( WV        08/03",-30.55,DEBIT_CARD,445.37,,
DEBIT,08/02/2016,"KOHL'S DEPT STRS CHG PYMT   043000097387258 WEB ID: 9044021343",-25.00,ACH_DEBIT,475.92,,
DEBIT,08/02/2016,"MARATHON PETRO014654TO PARKERSBURG WV        08/01",-25.00,DEBIT_CARD,500.92,,
DEBIT,08/02/2016,"DISCOUNT POOL SUPPLY PARKERSBURG WV          08/01",-14.82,DEBIT_CARD,525.92,,
DEBIT,08/01/2016,"PAYPAL           INST XFER  NIGHT OWL       WEB ID: PAYPALSI77",-14.99,ACH_DEBIT,540.74,,
DEBIT,08/01/2016,"CAPITAL ONE      ONLINE PMT 621239919204078 WEB ID: 9279744991",-15.72,ACH_DEBIT,555.73,,
DEBIT,08/01/2016,"PAYPAL           INST XFER  CLOSEOUTZON     WEB ID: PAYPALSI77",-30.65,ACH_DEBIT,571.45,,
DEBIT,08/01/2016,"CABELAS VISA     PAYMENTS                   WEB ID: 2470839081",-66.00,ACH_DEBIT,602.10,,
DEBIT,08/01/2016,"QUICKEN LOANS    MTG PYMTS  3357858229      WEB ID: 9112356513",-670.35,ACH_DEBIT,668.10,,
DEBIT,08/01/2016,"JAMES COUNTRY S WASHINGTON WV                07/31",-6.36,DEBIT_CARD,1338.45,,
DEBIT,08/01/2016,"JAMES COUNTRY S WASHINGTON WV                07/31",-21.54,DEBIT_CARD,1344.81,,
DEBIT,08/01/2016,"Online Transfer 5561764878 to One Community FCU ####9000 transaction #: 5561764878 08/01",-350.00,ACCT_XFER,1366.35,,
DEBIT,08/01/2016,"SPEEDWAY 03311 PAR PARKERSBURG WV            07/30",-15.00,DEBIT_CARD,1716.35,,
DEBIT,08/01/2016,"Payment to Chase card ending in 7433 08/01",-89.00,ACCT_XFER,1731.35,,
DEBIT,08/01/2016,"SUDDENLINK COMMUNICTN 304-343-3343 WV        07/31",-88.95,DEBIT_CARD,1820.35,,
CREDIT,08/01/2016,"AGRI TREAS 310     FED SAL                  PPD ID: 9101036009",1314.92,ACH_CREDIT,1909.30,,
DSLIP,08/01/2016,"REMOTE ONLINE DEPOSIT #          1",351.64,CHECK_DEPOSIT,594.38,1,
DEBIT,07/29/2016,"PAYPAL *NETFLIX.COM 402-935-7733 CA          07/28",-9.99,DEBIT_CARD,242.74,,
DEBIT,07/26/2016,"TIGER MART #16 NORTH MYRTLE SC               07/26",-5.48,DEBIT_CARD,252.73,,
DEBIT,07/25/2016,"KFC J625182 PARKERSBURG WV                   07/22",-3.62,DEBIT_CARD,258.21,,
DEBIT,07/22/2016,"SLING.COM 888-393-6312 CO                    07/21",-19.99,DEBIT_CARD,261.83,,
DEBIT,07/22/2016,"PAT CATANS 34 PARKERSB PARKERSBURG WV303167  07/22",-2.64,DEBIT_CARD,281.82,,
DEBIT,07/21/2016,"CBS ALL ACCESS 888-274-5343 CA               07/19",-5.99,DEBIT_CARD,284.46,,
DEBIT,07/20/2016,"BURGER KING #12920 PARKERSBURG WV            07/19",-3.21,DEBIT_CARD,290.45,,
DEBIT,07/19/2016,"CAPITAL ONE      PHONE PYMT 620039869012833 TEL ID: 9541719986",-53.00,ACH_DEBIT,293.66,,
DEBIT,07/19/2016,"Online Transfer 5537333400 to One Community FCU ####9000 transaction #: 5537333400 07/19",-400.00,ACCT_XFER,346.66,,
DEBIT,07/18/2016,"Lowes CC         LWS EPAY   1107570501      WEB ID: 9069872103",-25.00,ACH_DEBIT,746.66,,
DEBIT,07/18/2016,"PAYMENT FOR AMZ  STORECARD  1107581012      WEB ID: 9069872103",-25.00,ACH_DEBIT,771.66,,
DEBIT,07/18/2016,"MOTORISTS INSURA INS PREM                   PPD ID: 1314259550",-185.09,ACH_DEBIT,796.66,,
DEBIT,07/18/2016,"VZ WIRELESS VE   VZW WEBPAY 1773363         WEB ID: 0000751800",-189.19,ACH_DEBIT,981.75,,
DEBIT,07/18/2016,"Online Payment 5533423727 To DOMINION HOPE 07/18",-23.12,BILLPAY,1170.94,,
DEBIT,07/18/2016,"Online Payment 5533423731 To MONONGAHELA POWER 07/18",-114.96,BILLPAY,1194.06,,
DEBIT,07/18/2016,"Online Payment 5533385661 To City of Parkersburg 07/18",-26.29,BILLPAY,1309.02,,
DEBIT,07/18/2016,"Online Payment 5533385657 To PARKERSBURG UTILITY WV 07/18",-101.32,BILLPAY,1335.31,,
DEBIT,07/18/2016,"MICHAELS STORES INC9 SOUTH CHARLES WV        07/16",-19.66,DEBIT_CARD,1436.63,,
DEBIT,07/18/2016,"BOOKS A MILLION 240 CHARLESTON WV    558858  07/16",-19.24,DEBIT_CARD,1456.29,,
DEBIT,07/18/2016,"SPEEDWAY 03311 PAR PARKERSBURG WV            07/16",-30.47,DEBIT_CARD,1475.53,,
DEBIT,07/18/2016,"Wal-Mart Super Cente PARKERSBURG ( WV        07/16",-82.36,DEBIT_CARD,1506.00,,
DEBIT,07/18/2016,"SHOE CARNIVAL #0312 VIENNA WV                07/16",-109.13,DEBIT_CARD,1588.36,,
DEBIT,07/18/2016,"1875 Great Clips at Ma PARKERSBURG WV        07/16",-21.98,DEBIT_CARD,1697.49,,
DEBIT,07/18/2016,"BP#6456552PAR MAR #3 PARKERSBURG WV          07/15",-20.00,DEBIT_CARD,1719.47,,
CREDIT,07/18/2016,"AGRI TREAS 310     FED SAL                  PPD ID: 9101036009",1314.92,ACH_CREDIT,1739.47,,
DEBIT,07/15/2016,"GABRIEL BROS-PA PARKERSBURG WV               07/15",-11.75,DEBIT_CARD,424.55,,
CREDIT,07/14/2016,"CAPITAL ONE N.A. CAPITALONE                 PPD ID: 1510394779",50.00,ACH_CREDIT,436.30,,
DEBIT,07/13/2016,"PAYPAL           INST XFER  MININGDEAD      WEB ID: PAYPALSI77",-3.74,ACH_DEBIT,386.30,,
DEBIT,07/13/2016,"HLU*Hulu 42716429-U HULU.COM/BILL CA         07/12",-11.99,DEBIT_CARD,390.04,,
DEBIT,07/12/2016,"RITE AID STORE - 1405 PARKERSBURG WV 346061  07/12",-9.99,DEBIT_CARD,402.03,,
CREDIT,07/12/2016,"ATM CASH DEPOSIT 07/12 321 MAIN ST BELPRE OH",390.00,ATM,412.02,,
DEBIT,07/11/2016,"Wal-Mart Super Center VIENNA WV              07/10",-19.82,DEBIT_CARD,22.02,,
DEBIT,07/11/2016,"MCDONALD'S F3615 PARKERSBURG WV              07/10",-6.08,DEBIT_CARD,41.84,,
DEBIT,07/08/2016,"MCDONALD'S F3615 PARKERSBURG WV              07/07",-5.86,DEBIT_CARD,47.92,,
DEBIT,07/07/2016,"BIG LOTS  270 PARK CEN PARKERSBURG WV        07/07",-5.67,DEBIT_CARD,53.78,,
DEBIT,07/07/2016,"SPEEDWAY 09200 PAR PARKERSBURG WV    682966  07/07",-15.01,DEBIT_CARD,59.45,,
DEBIT,07/07/2016,"SHOE CARNIVAL # 603 GR VIENNA WV     413947  07/07",-92.62,DEBIT_CARD,74.46,,
DEBIT,07/07/2016,"SOUTHWOOD ANIMAL HOSPI PARKERSBURG WV        07/05",-46.00,DEBIT_CARD,167.08,,
DEBIT,07/07/2016,"WV DMV PARKERSBURG OFC PARKERSBURG WV        07/05",-5.00,DEBIT_CARD,213.08,,
DEBIT,07/06/2016,"CABELAS VISA     PAYMENTS                   WEB ID: 2470839081",-51.00,ACH_DEBIT,218.08,,
DEBIT,07/06/2016,"CAPITAL ONE N.A. CAPITALONE 000000178473053 WEB ID: 1510394779",-300.00,ACH_DEBIT,269.08,,
DEBIT,07/06/2016,"CAPITAL ONE AUTO CARPAY     006207526344001 WEB ID: 9541719806",-312.62,ACH_DEBIT,569.08,,
DEBIT,07/06/2016,"BURGER KING #12920 PARKERSBURG WV            07/05",-18.05,DEBIT_CARD,881.70,,
DEBIT,07/05/2016,"CAPITAL ONE      ONLINE PMT 618639919457184 WEB ID: 9279744991",-25.00,ACH_DEBIT,899.75,,
DEBIT,07/05/2016,"KOHL'S DEPT STRS CHG PYMT   043000096720896 WEB ID: 9044021343",-25.00,ACH_DEBIT,924.75,,
DEBIT,07/05/2016,"BARCLAYCARD US   CREDITCARD 384066897       WEB ID: 2510407970",-60.00,ACH_DEBIT,949.75,,
DEBIT,07/05/2016,"PAT CATANS 34 PARKERSB PARKERSBURG WV369029  07/05",-14.09,DEBIT_CARD,1009.75,,
DEBIT,07/05/2016,"Wal-Mart Super Cente PARKERSBURG ( WV        07/04",-35.59,DEBIT_CARD,1023.84,,
DEBIT,07/05/2016,"Wal-Mart Super Cente PARKERSBURG ( WV        07/04",-59.51,DEBIT_CARD,1059.43,,
DEBIT,07/05/2016,"Payment to Chase card ending in 9786 07/05",-25.00,ACCT_XFER,1118.94,,
DEBIT,07/05/2016,"Payment to Chase card ending in 7433 07/05",-59.00,ACCT_XFER,1143.94,,
DEBIT,07/05/2016,"GIHON VILLAGE F PARKERSBURG WV               07/03",-12.32,DEBIT_CARD,1202.94,,
DEBIT,07/05/2016,"WITTENS FARM MARKE LOWELL OH                 07/03",-9.79,DEBIT_CARD,1215.26,,
DEBIT,07/05/2016,"WM SUPERC Wal-Mart S PARKERSBURG ( WV        07/03",-103.63,DEBIT_CARD,1225.05,,
DEBIT,07/05/2016,"NEW CHINA PARKERSBURG WV                     07/03",-20.06,DEBIT_CARD,1328.68,,
DEBIT,07/05/2016,"KFC C101001 PHILIPPI WV                      07/01",-7.41,DEBIT_CARD,1348.74,,
CREDIT,07/05/2016,"AGRI TREAS 310     FED SAL                  PPD ID: 9101036009",1314.92,ACH_CREDIT,1356.15,,
DEBIT,07/01/2016,"SONIC DRIVE IN #5849 PARKERSBURG WV          06/30",-4.26,DEBIT_CARD,41.23,,
DEBIT,06/30/2016,"MCDONALD'S F3615 PARKERSBURG WV              06/29",-2.24,DEBIT_CARD,45.49,,
DEBIT,06/29/2016,"DOLLAR-GE 2107 PIKE ST PARKERSBURG WV        06/29",-17.77,DEBIT_CARD,47.73,,
DEBIT,06/29/2016,"WM SUPERC Wal-Mart S PARKERSBURG ( WV        06/29",-6.40,DEBIT_CARD,65.50,,
DEBIT,06/29/2016,"WENDY'S #4103 PARKERSBURG WV                 06/28",-2.45,DEBIT_CARD,71.90,,
DEBIT,06/28/2016,"BURGER KING #12920 PARKERSBURG WV            06/27",-5.76,DEBIT_CARD,74.35,,
CREDIT,06/28/2016,"CAPITAL ONE N.A. CAPITALONE                 PPD ID: 1510394779",50.00,ACH_CREDIT,80.11,,
DEBIT,06/27/2016,"DOLLAR TR 220 GIHON VL PARKERSBURG WV        06/27",-7.31,DEBIT_CARD,30.11,,
DEBIT,06/27/2016,"OLIVE GARDEN  00012542 PARKERSBURG WV        06/24",-8.55,DEBIT_CARD,37.42,,
DEBIT,06/27/2016,"03922 - BILLING 740-236-9093 OH              06/24",-50.00,DEBIT_CARD,45.97,,
DEBIT,06/27/2016,"03922 - BILLING 740-236-9093 OH              06/24",-43.75,DEBIT_CARD,95.97,,
DEBIT,06/24/2016,"CAPITAL ONE N.A. CAPITALONE 000000178473053 WEB ID: 1510394779",-200.00,ACH_DEBIT,139.72,,
DEBIT,06/24/2016,"PAT CATANS 34 PARKERSB PARKERSBURG WV180489  06/24",-17.81,DEBIT_CARD,339.72,,
DEBIT,06/24/2016,"DOLLAR TR 130 PARK CEN PARKERSBURG WV        06/24",-12.84,DEBIT_CARD,357.53,,
DEBIT,06/24/2016,"NAPOLI'S PIZZA BELPRE OH                     06/24",-22.99,DEBIT_CARD,370.37,,
DEBIT,06/23/2016,"MCHAPPY'S BAKE SHOPPE BELPRE OH      579266  06/23",-10.18,DEBIT_CARD,393.36,,
DEBIT,06/23/2016,"DOLLAR TR 220 GIHON VL PARKERSBURG WV        06/23",-9.31,DEBIT_CARD,403.54,,
DEBIT,06/23/2016,"142 GARY PETTY MD MARIETTA OH                06/22",-30.00,DEBIT_CARD,412.85,,
DEBIT,06/23/2016,"MARATHON PETRO014654TO PARKERSBURG WV        06/22",-15.01,DEBIT_CARD,442.85,,
DEBIT,06/22/2016,"SLING TV, LLC 877-811-4788 CO                06/21",-19.99,DEBIT_CARD,457.86,,
DEBIT,06/22/2016,"PAYMENT FOR AMZ  STORECARD  1091232135      WEB ID: 9069872103",-25.00,ACH_DEBIT,477.85,,
DEBIT,06/22/2016,"VZ WIRELESS VE   VZW WEBPAY 1676032         WEB ID: 0000751800",-189.16,ACH_DEBIT,502.85,,
DEBIT,06/22/2016,"WM SUPERC Wal-Mart Sup VIENNA WV             06/22",-38.94,DEBIT_CARD,692.01,,
DEBIT,06/21/2016,"CBS ALL ACCESS 888-274-5343 CA               06/19",-5.99,DEBIT_CARD,730.95,,
DEBIT,06/21/2016,"CAPITAL ONE      ONLINE PMT 617339919369867 WEB ID: 9279744991",-25.00,ACH_DEBIT,736.94,,
DEBIT,06/21/2016,"Wal-Mart Super Cente PARKERSBURG ( WV        06/21",-23.50,DEBIT_CARD,761.94,,
DEBIT,06/21/2016,"Payment to Chase card ending in 2079 06/21",-25.00,ACCT_XFER,785.44,,
DEBIT,06/21/2016,"Online Payment 5476143527 To DOMINION HOPE 06/21",-32.34,BILLPAY,810.44,,
DEBIT,06/21/2016,"Online Payment 5476143533 To Gymniks Gymnastics 06/21",-81.00,BILLPAY,842.78,,
DEBIT,06/21/2016,"Online Payment 5476143536 To MONONGAHELA POWER 06/21",-111.96,BILLPAY,923.78,,
DEBIT,06/21/2016,"RITE AID STORE - 1405 PARKERSBURG WV 404776  06/21",-27.40,DEBIT_CARD,1035.74,,
DEBIT,06/21/2016,"GIHON VILLAGE FOODLAND PARKERSBURG WV213922  06/21",-12.41,DEBIT_CARD,1063.14,,
DEBIT,06/21/2016,"DON EMILIOS RESTAURANT PARKERSBURG WV        06/19",-35.86,DEBIT_CARD,1075.55,,
DEBIT,06/20/2016,"PARENT ONLINE 866-442-6030 TX                06/19",-22.68,DEBIT_CARD,1111.41,,
DEBIT,06/20/2016,"Wal-Mart Super Cente PARKERSBURG ( WV        06/20",-10.75,DEBIT_CARD,1134.09,,
DEBIT,06/20/2016,"Wal-Mart Super Center VIENNA WV              06/19",-94.82,DEBIT_CARD,1144.84,,
DEBIT,06/20/2016,"Wal-Mart Super Cente PARKERSBURG ( WV        06/18",-39.24,DEBIT_CARD,1239.66,,
DEBIT,06/20/2016,"SHOE DEPT 0858 PARKERSBURG WV        527432  06/18",-26.73,DEBIT_CARD,1278.90,,
DEBIT,06/20/2016,"KMART 3218 PARKERSBURG WV                    06/18",-2.13,DEBIT_CARD,1305.63,,
DEBIT,06/20/2016,"STEAK N SHAKE 5701 VIENNA WV                 06/18",-15.79,DEBIT_CARD,1307.76,,
DEBIT,06/20/2016,"BATH & BODY WORKS PARKERSBURG WV             06/18",-24.08,DEBIT_CARD,1323.55,,
DEBIT,06/20/2016,"CLAIRE'S BOUTIQ #282 G VIENNA WV     852038  06/18",-8.03,DEBIT_CARD,1347.63,,
DEBIT,06/20/2016,"GAMESTOP #4384 PO BOX VIENNA WV      757437  06/18",-12.82,DEBIT_CARD,1355.66,,
DEBIT,06/20/2016,"CAPTAIN DS 35500035519 PARKERSBURG WV        06/18",-7.04,DEBIT_CARD,1368.48,,
DEBIT,06/20/2016,"LOWE'S #2246 PARKERSBURG WV          679189  06/18",-21.34,DEBIT_CARD,1375.52,,
DEBIT,06/20/2016,"MCDONALD'S F3615 PARKERSBURG WV              06/17",-10.05,DEBIT_CARD,1396.86,,
DEBIT,06/20/2016,"BP#6456552PAR MAR #3 PARKERSBURG WV          06/17",-15.99,DEBIT_CARD,1406.91,,
CREDIT,06/20/2016,"AGRI TREAS 310     FED SAL                  PPD ID: 9101036009",1314.92,ACH_CREDIT,1422.90,,
DEBIT,06/17/2016,"DOLLAR TR 220 GIHON VL PARKERSBURG WV        06/17",-4.21,DEBIT_CARD,107.98,,
DEBIT,06/17/2016,"Wal-Mart Super Center VIENNA WV              06/17",-3.21,DEBIT_CARD,112.19,,
DEBIT,06/16/2016,"MOTORISTS INSURA INS PREM                   PPD ID: 1314259550",-185.09,ACH_DEBIT,115.40,,
DEBIT,06/16/2016,"MCDONALD'S F3615 PARKERSBURG WV              06/15",-2.14,DEBIT_CARD,300.49,,
DEBIT,06/15/2016,"DUNHAMS 165 VIENNA WV                280722  06/15",-10.05,DEBIT_CARD,302.63,,
DEBIT,06/14/2016,"PAYPAL           ECHECK     MININGDEAD      WEB ID: PAYPALEC88",-3.34,ACH_DEBIT,312.68,,
DEBIT,06/14/2016,"KOHL'S DEPT STRS CHG PYMT   043000091201312 WEB ID: 9044021343",-25.00,ACH_DEBIT,316.02,,
DEBIT,06/14/2016,"CAPITAL ONE N.A. CAPITALONE 000000178473053 WEB ID: 1510394779",-100.00,ACH_DEBIT,341.02,,
DEBIT,06/14/2016,"DOLLAR TREE PARKERSBURG WV                   06/13",-1.89,DEBIT_CARD,441.02,,
DEBIT,06/14/2016,"MCDONALD'S F3615 PARKERSBURG WV              06/13",-2.24,DEBIT_CARD,442.91,,
DEBIT,06/13/2016,"HLU*Hulu 42716429-U HULU.COM/BILL CA         06/12",-11.99,DEBIT_CARD,445.15,,
DEBIT,06/13/2016,"CAPITAL ONE      ONLINE PMT 616239919708296 WEB ID: 9279744991",-25.00,ACH_DEBIT,457.14,,
DEBIT,06/13/2016,"TRACTOR SUPPLY # 101 T PARKERSBURG WV762850  06/13",-16.73,DEBIT_CARD,482.14,,
DEBIT,06/13/2016,"SUDDENLINK COMMUNICTN 304-343-3343 WV        06/13",-88.95,DEBIT_CARD,498.87,,
DEBIT,06/13/2016,"PAT CATANS 34 PARKERSB PARKERSBURG WV872702  06/11",-10.68,DEBIT_CARD,587.82,,
DEBIT,06/13/2016,"DOLLAR TREE PARKERSBURG WV                   06/10",-5.35,DEBIT_CARD,598.50,,
DSLIP,06/13/2016,"DEPOSIT  ID NUMBER 808389",80.00,DEPOSIT,603.85,,
DEBIT,06/10/2016,"PAT CATANS 34 PARKERSB PARKERSBURG WV233691  06/10",-7.67,DEBIT_CARD,523.85,,
DEBIT,06/10/2016,"DOLLAR TR 130 PARK CEN PARKERSBURG WV        06/10",-8.56,DEBIT_CARD,531.52,,
DEBIT,06/09/2016,"PAYPAL *NETFLIX.COM 402-935-7733 CA          06/08",-9.99,DEBIT_CARD,540.08,,
DEBIT,06/08/2016,"CABELAS VISA     PAYMENTS                   WEB ID: 2470839081",-41.00,ACH_DEBIT,550.07,,
DEBIT,06/08/2016,"BARCLAYCARD US   CREDITCARD 377972131       WEB ID: 2510407970",-50.00,ACH_DEBIT,591.07,,
DEBIT,06/08/2016,"CAPITAL ONE AUTO CARPAY     006207526344001 WEB ID: 9541719806",-312.62,ACH_DEBIT,641.07,,
DEBIT,06/08/2016,"Wal-Mart Super Cente PARKERSBURG ( WV        06/08",-21.17,DEBIT_CARD,953.69,,
DEBIT,06/08/2016,"BV AQUARIUM PARKERSBURG WV                   06/06",-42.80,DEBIT_CARD,974.86,,
DEBIT,06/07/2016,"RITE AID STORE - 1405 PARKERSBURG WV         06/07",-20.54,DEBIT_CARD,1017.66,,
DEBIT,06/07/2016,"Payment to Chase card ending in 7433 06/07",-34.00,ACCT_XFER,1038.20,,
DEBIT,06/07/2016,"MCDONALD'S F3615 PARKERSBURG WV              06/06",-3.09,DEBIT_CARD,1072.20,,
DEBIT,06/07/2016,"RFCS PAYMENT 800-541-9049 GA                 06/06",-65.00,DEBIT_CARD,1075.29,,
DEBIT,06/06/2016,"Wal-Mart Super Cente PARKERSBURG ( WV        06/06",-19.90,DEBIT_CARD,1140.29,,
DEBIT,06/06/2016,"LOWE'S #2246 PARKERSBURG WV          126415  06/06",-6.16,DEBIT_CARD,1160.19,,
DEBIT,06/06/2016,"CVS/PHARMACY #06 06276 PARKERSBURG WV642571  06/05",-5.13,DEBIT_CARD,1166.35,,
DEBIT,06/06/2016,"GO MART #122 PARKERSBURG WV          024644  06/05",-35.85,DEBIT_CARD,1171.48,,
DEBIT,06/06/2016,"MCDONALD'S F3615 PARKERSBURG WV              06/05",-28.68,DEBIT_CARD,1207.33,,
DEBIT,06/06/2016,"NEW CHINA PARKERSBURG WV                     06/04",-20.06,DEBIT_CARD,1236.01,,
DEBIT,06/06/2016,"DOLLAR TR 220 GIHON VL PARKERSBURG WV        06/04",-12.70,DEBIT_CARD,1256.07,,
DEBIT,06/06/2016,"Wal-Mart Super Cente PARKERSBURG ( WV        06/04",-72.31,DEBIT_CARD,1268.77,,
DEBIT,06/06/2016,"MCDONALD'S F3615 PARKERSBURG WV              06/03",-1.07,DEBIT_CARD,1341.08,,
CREDIT,06/06/2016,"AGRI TREAS 310     FED SAL                  PPD ID: 9101036009",1314.92,ACH_CREDIT,1342.15,,
DEBIT,06/02/2016,"BURGER KING #12920 PARKERSBURG WV            06/02",-2.45,DEBIT_CARD,27.23,,
DEBIT,06/02/2016,"MCDONALD'S F3615 PARKERSBURG WV              06/01",-2.14,DEBIT_CARD,29.68,,
DEBIT,06/01/2016,"PAT CATANS 34 PARKERSB PARKERSBURG WV295487  06/01",-13.88,DEBIT_CARD,31.82,,
DEBIT,06/01/2016,"DOLLAR TREE PARKERSBURG WV                   05/31",-3.00,DEBIT_CARD,45.70,,
DEBIT,05/31/2016,"MCDONALD'S F3615 PARKERSBURG WV              05/30",-1.07,DEBIT_CARD,48.70,,
DEBIT,05/31/2016,"LOWE'S #2246 PARKERSBURG WV          878451  05/28",-7.48,DEBIT_CARD,49.77,,
DEBIT,05/31/2016,"MCDONALD'S F2676 PARKERSBURG WV              05/27",-4.26,DEBIT_CARD,57.25,,
DEBIT,05/27/2016,"DOLLAR TREE PARKERSBURG WV                   05/26",-6.24,DEBIT_CARD,61.51,,
DEBIT,05/27/2016,"MCDONALD'S F3615 PARKERSBURG WV              05/26",-4.70,DEBIT_CARD,67.75,,
DEBIT,05/26/2016,"FAMILY DOLLAR #0715 PARKERSBURG WV           05/25",-7.49,DEBIT_CARD,72.45,,
DEBIT,05/26/2016,"JOANN FABRIC #0363 PARKERSBURG WV            05/25",-8.21,DEBIT_CARD,79.94,,
DEBIT,05/26/2016,"MCDONALD'S F5282 VIENNA WV                   05/25",-3.30,DEBIT_CARD,88.15,,
DEBIT,05/26/2016,"GOODWILL INDUSTRIES VIENNA WV                05/25",-21.30,DEBIT_CARD,91.45,,
DEBIT,05/25/2016,"KMART 3218 PARKERSBURG WV                    05/25",-11.76,DEBIT_CARD,112.75,,
DEBIT,05/25/2016,"SHELL Service Station PARKERSBURG WV 098775  05/25",-14.66,DEBIT_CARD,124.51,,
DEBIT,05/25/2016,"03922 - BILLING 740-236-9093 OH              05/24",-43.75,DEBIT_CARD,139.17,,
DEBIT,05/25/2016,"03922 - BILLING 740-236-9093 OH              05/24",-50.00,DEBIT_CARD,182.92,,
DEBIT,05/25/2016,"DOLLAR TREE PARKERSBURG WV                   05/24",-6.14,DEBIT_CARD,232.92,,
DEBIT,05/24/2016,"CAPITAL ONE      ONLINE PMT 614539919120412 WEB ID: 9279744991",-25.00,ACH_DEBIT,239.06,,
DEBIT,05/24/2016,"PAYMENT FOR AMZ  STORECARD  1073432411      WEB ID: 9069872103",-25.00,ACH_DEBIT,264.06,,
DEBIT,05/24/2016,"CAPITAL ONE      ONLINE PMT 614539919120411 WEB ID: 9279744991",-59.00,ACH_DEBIT,289.06,,
DEBIT,05/24/2016,"VZ WIRELESS VE   VZW WEBPAY 7487176         WEB ID: 0000751800",-189.16,ACH_DEBIT,348.06,,
DEBIT,05/24/2016,"LOWE'S #2246 PARKERSBURG WV          280600  05/24",-57.97,DEBIT_CARD,537.22,,
DEBIT,05/24/2016,"Payment to Chase card ending in 2079 05/24",-25.00,ACCT_XFER,595.19,,
DEBIT,05/24/2016,"Online Payment 5413547316 To DOMINION HOPE 05/24",-56.31,BILLPAY,620.19,,
DEBIT,05/24/2016,"Online Payment 5413547321 To MONONGAHELA POWER 05/24",-112.18,BILLPAY,676.50,,
DEBIT,05/24/2016,"MCDONALD'S F5282 VIENNA WV                   05/23",-4.26,DEBIT_CARD,788.68,,
DEBIT,05/24/2016,"QUICKENLOANS8002519080 000-0000000 MI        05/23",-400.00,DEBIT_CARD,792.94,,
DEBIT,05/23/2016,"CBS ALL ACCESS 888-274-5343 CA               05/19",-5.99,DEBIT_CARD,1192.94,,
DEBIT,05/23/2016,"SLING TV, LLC 877-811-4788 CO                05/21",-24.99,DEBIT_CARD,1198.93,,
DEBIT,05/23/2016,"BIG LOTS STORES 2107 P PARKERSBURG WV801241  05/23",-32.10,DEBIT_CARD,1223.92,,
DEBIT,05/23/2016,"WM SUPERC Wal-Mart S PARKERSBURG ( WV        05/22",-66.95,DEBIT_CARD,1256.02,,
DEBIT,05/23/2016,"BIG LOTS STORES 270 PA PARKERSBURG WV617185  05/22",-21.40,DEBIT_CARD,1322.97,,
DEBIT,05/23/2016,"MCDONALD'S F3615 PARKERSBURG WV              05/22",-3.40,DEBIT_CARD,1344.37,,
DEBIT,05/23/2016,"DOLLAR TREE PARKERSBURG WV                   05/21",-6.21,DEBIT_CARD,1347.77,,
CREDIT,05/23/2016,"AGRI TREAS 310     FED SAL                  PPD ID: 9101036009",1314.92,ACH_CREDIT,1353.98,,
DEBIT,05/19/2016,"Online Payment 5404991981 To Gymniks Gymnastics 05/19",-15.00,BILLPAY,39.06,,
DEBIT,05/19/2016,"WENDY'S #4103 PARKERSBURG WV                 05/18",-1.62,DEBIT_CARD,54.06,,
DEBIT,05/17/2016,"THE PIZZA PLACE SOUTH PARKERSBURG WV         05/16",-5.90,DEBIT_CARD,55.68,,
DEBIT,05/17/2016,"WENDY'S #4103 PARKERSBURG WV                 05/16",-2.45,DEBIT_CARD,61.58,,
DEBIT,05/16/2016,"MOTORISTS INSURA INS PREM                   PPD ID: 1314259550",-185.09,ACH_DEBIT,64.03,,
DEBIT,05/13/2016,"HLU*Hulu 42716429-U HULU.COM/BILL CA         05/12",-11.99,DEBIT_CARD,249.12,,
DEBIT,05/13/2016,"KMART 3218 PARKERSBURG WV                    05/13",-14.96,DEBIT_CARD,261.11,,
DEBIT,05/13/2016,"PAT CATANS 34 PARKERSB PARKERSBURG WV727816  05/13",-2.11,DEBIT_CARD,276.07,,
DEBIT,05/11/2016,"WM SUPERC Wal-Mart S PARKERSBURG ( WV        05/11",-44.18,DEBIT_CARD,278.18,,
DEBIT,05/11/2016,"DOLLAR TR 220 GIHON VL PARKERSBURG WV        05/11",-16.63,DEBIT_CARD,322.36,,
DEBIT,05/11/2016,"SOUTHWOOD ANIMAL HOSPI PARKERSBURG WV        05/09",-50.00,DEBIT_CARD,338.99,,
DEBIT,05/10/2016,"PAYPAL *NETFLIX.COM 402-935-7733 CA          05/09",-9.99,DEBIT_CARD,388.99,,
DEBIT,05/10/2016,"KOHL'S DEPT STRS CHG PYMT   043000094902944 WEB ID: 9044021343",-25.00,ACH_DEBIT,398.98,,
DEBIT,05/10/2016,"DOLLAR-GE 2107 PIKE ST PARKERSBURG WV        05/10",-10.54,DEBIT_CARD,423.98,,
DEBIT,05/10/2016,"DOLLAR TREE PARKERSBURG WV                   05/09",-4.00,DEBIT_CARD,434.52,,
DEBIT,05/10/2016,"MCDONALD'S F3615 PARKERSBURG WV              05/09",-3.40,DEBIT_CARD,438.52,,
DEBIT,05/09/2016,"CAPITAL ONE      ONLINE PMT 612839919237770 WEB ID: 9279744991",-25.00,ACH_DEBIT,441.92,,
DEBIT,05/09/2016,"BARCLAYCARD US   CREDITCARD 371393119       WEB ID: 2510407970",-50.00,ACH_DEBIT,466.92,,
DEBIT,05/09/2016,"PARENT ONLINE 866-442-6030 TX                05/08",-60.48,DEBIT_CARD,516.92,,
DEBIT,05/09/2016,"CAPITAL ONE AUTO CARPAY     006207526344001 WEB ID: 9541719806",-312.62,ACH_DEBIT,577.40,,
DEBIT,05/09/2016,"TRACTOR SUPPLY # 101 T PARKERSBURG WV950791  05/09",-30.72,DEBIT_CARD,890.02,,
DEBIT,05/09/2016,"WM SUPERC Wal-Mart S PARKERSBURG ( WV        05/09",-29.04,DEBIT_CARD,920.74,,
DEBIT,05/09/2016,"RITE AID STORE - 1405 PARKERSBURG WV 105682  05/09",-63.48,DEBIT_CARD,949.78,,
DEBIT,05/09/2016,"WM SUPERC Wal-Mart S PARKERSBURG ( WV        05/08",-51.76,DEBIT_CARD,1013.26,,
DEBIT,05/09/2016,"OLIVE GARDEN  00012542 PARKERSBURG WV        05/07",-88.24,DEBIT_CARD,1065.02,,
DEBIT,05/09/2016,"BP#94834397-ELEVEN#359 PARKERSBURG WV        05/07",-38.17,DEBIT_CARD,1153.26,,
DEBIT,05/09/2016,"WM SUPERC Wal-Mart S PARKERSBURG ( WV        05/07",-6.27,DEBIT_CARD,1191.43,,
DEBIT,05/09/2016,"Online Payment 5379765532 To City of Parkersburg 05/09",-26.29,BILLPAY,1197.70,,
DEBIT,05/09/2016,"Online Payment 5379765523 To PARKERSBURG UTILITY WV 05/09",-98.09,BILLPAY,1223.99,,
DEBIT,05/09/2016,"Payment to Chase card ending in 7433 05/09",-50.00,ACCT_XFER,1322.08,,
CREDIT,05/09/2016,"AGRI TREAS 310     FED SAL                  PPD ID: 9101036009",1334.92,ACH_CREDIT,1372.08,,
DEBIT,05/04/2016,"KFC J625182   29551793 PARKERSBURG WV        05/03",-3.62,DEBIT_CARD,37.16,,
DEBIT,05/04/2016,"BP#6456552PAR MAR #3 PARKERSBURG WV          05/03",-14.21,DEBIT_CARD,40.78,,
DEBIT,05/03/2016,"TAMPICO MEX GRILL PARKERSBURG WV             05/02",-28.49,DEBIT_CARD,54.99,,
DEBIT,05/03/2016,"GOODWILL INDUSTRIES VIENNA WV                05/02",-10.13,DEBIT_CARD,83.48,,
DEBIT,05/02/2016,"WENDY'S #4103 PARKERSBURG WV                 05/01",-11.07,DEBIT_CARD,93.61,,
DEBIT,05/02/2016,"BWW PARKERSBURG PARKERSBURG OH               04/29",-31.44,DEBIT_CARD,104.68,,
DEBIT,04/29/2016,"WF HOME MTG      AUTO PAY   0042131268      WEB ID: W952318940",-571.26,ACH_DEBIT,136.12,,
DEBIT,04/29/2016,"WAL-MART #2823 PARKERSBURG ( WV              04/29",-33.99,DEBIT_CARD,707.38,,
DEBIT,04/29/2016,"STEAK N SHAKE 5701 VIENNA WV                 04/28",-28.73,DEBIT_CARD,741.37,,
DEBIT,04/28/2016,"PAYMENT FOR AMZ  STORECARD  1056862955      WEB ID: 9069872103",-25.00,ACH_DEBIT,770.10,,
DEBIT,04/28/2016,"DOLLAR TR 220 GIHON VL PARKERSBURG WV        04/28",-9.14,DEBIT_CARD,795.10,,
DEBIT,04/28/2016,"STEAK N SHAKE 5701 VIENNA WV                 04/27",-7.68,DEBIT_CARD,804.24,,
DEBIT,04/27/2016,"Online Payment 5354703624 To MONONGAHELA POWER 04/27",-113.18,BILLPAY,811.92,,
DEBIT,04/27/2016,"Online Payment 5354703616 To DOMINION HOPE 04/27",-59.38,BILLPAY,925.10,,
DEBIT,04/27/2016,"Payment to Chase card ending in 2079 04/27",-25.00,ACCT_XFER,984.48,,
DEBIT,04/27/2016,"PSP LLC OR PET SUPPLIE VIENNA WV     362624  04/27",-8.54,DEBIT_CARD,1009.48,,
DEBIT,04/26/2016,"VZ WIRELESS VE   VZW WEBPAY 2997191         WEB ID: 0000751800",-224.94,ACH_DEBIT,1018.02,,
DEBIT,04/26/2016,"CAPITAL ONE N.A. CAPITALONE 000000178473053 WEB ID: 1510394779",-250.00,ACH_DEBIT,1242.96,,
DEBIT,04/26/2016,"TRACTOR SUPPLY # 101 T PARKERSBURG WV636384  04/26",-16.91,DEBIT_CARD,1492.96,,
DEBIT,04/26/2016,"RITE AID STORE - 1405 PARKERSBURG WV 333949  04/26",-34.39,DEBIT_CARD,1509.87,,
DEBIT,04/25/2016,"CAPITAL ONE      ONLINE PMT 611639919614526 WEB ID: 9279744991",-25.00,ACH_DEBIT,1544.26,,
DEBIT,04/25/2016,"KROGER 1008 LEE STREET BELPRE OH     917564  04/25",-8.34,DEBIT_CARD,1569.26,,
DEBIT,04/25/2016,"PAT CATANS 34 PARKERSB PARKERSBURG WV763678  04/25",-29.43,DEBIT_CARD,1577.60,,
DEBIT,04/25/2016,"PSP LLC OR PET SUPPLIE VIENNA WV     344525  04/25",-6.04,DEBIT_CARD,1607.03,,
DEBIT,04/25/2016,"PAR MAR #3 PARKERSBURG WV                    04/25",-7.99,DEBIT_CARD,1613.07,,
DEBIT,04/25/2016,"PAR MAR #3 PARKERSBURG WV                    04/24",-5.96,DEBIT_CARD,1621.06,,
CREDIT,04/25/2016,"AGRI TREAS 310     FED SAL                  PPD ID: 9101036009",252.97,ACH_CREDIT,1627.02,,
CREDIT,04/25/2016,"AGRI TREAS 310     FED SAL                  PPD ID: 9101036009",1334.92,ACH_CREDIT,1374.05,,
DEBIT,04/22/2016,"SLING TV, LLC 877-811-4788 CO                04/21",-24.99,DEBIT_CARD,39.13,,
DEBIT,04/21/2016,"CBS ALL ACCESS 888-274-5343 CA               04/19",-5.99,DEBIT_CARD,64.12,,
DEBIT,04/20/2016,"BP#6456552PAR MAR #3 PARKERSBURG WV          04/19",-17.25,DEBIT_CARD,70.11,,
DEBIT,04/19/2016,"WalMart CC       WM EPAY    1048746294      WEB ID: 9069872103",-25.00,ACH_DEBIT,87.36,,
DEBIT,04/19/2016,"Payment to Chase card ending in 7433 04/19",-70.00,ACCT_XFER,112.36,,
DEBIT,04/19/2016,"WM SUPERC Wal-Mart S PARKERSBURG ( WV        04/19",-18.13,DEBIT_CARD,182.36,,
DEBIT,04/19/2016,"PAT CATANS 34 PARKERSB PARKERSBURG WV251534  04/19",-5.28,DEBIT_CARD,200.49,,
DEBIT,04/18/2016,"MOTORISTS INSURA INS PREM                   PPD ID: 1314259550",-185.09,ACH_DEBIT,205.77,,
DEBIT,04/18/2016,"GIHON VILLAGE F PARKERSBURG WV               04/17",-6.79,DEBIT_CARD,390.86,,
DEBIT,04/18/2016,"JAMES COUNTRY STORE WASHINGTON WV    138162  04/17",-19.03,DEBIT_CARD,397.65,,
DEBIT,04/18/2016,"SWEET FROG 300141 PARKERSBURG WV             04/15",-17.93,DEBIT_CARD,416.68,,
DEBIT,04/18/2016,"TIM HORTONS #919353 PARKERSBURG WV           04/15",-7.48,DEBIT_CARD,434.61,,
DEBIT,04/18/2016,"BWW PARKERSBURG PARKERSBURG OH               04/14",-49.69,DEBIT_CARD,442.09,,
DEBIT,04/15/2016,"CAPITAL ONE N.A. CAPITALONE 000000178473053 WEB ID: 1510394779",-125.00,ACH_DEBIT,491.78,,
DEBIT,04/15/2016,"CABELAS VISA     PAYMENTS                   WEB ID: 2470839081",-1855.05,ACH_DEBIT,616.78,,
DEBIT,04/15/2016,"WM SUPERC Wal-Mart S PARKERSBURG ( WV        04/15",-73.78,DEBIT_CARD,2471.83,,
DEBIT,04/15/2016,"PAT CATANS 34 PARKERSB PARKERSBURG WV300928  04/15",-20.14,DEBIT_CARD,2545.61,,
DEBIT,04/15/2016,"DOLLAR TREE #00924 130 PARKERSBURG WV        04/15",-20.33,DEBIT_CARD,2565.75,,
DEBIT,04/15/2016,"RITE AID STORE - 1405 PARKERSBURG WV 377830  04/15",-10.00,DEBIT_CARD,2586.08,,
DEBIT,04/15/2016,"THE LITTLE STIRR LLC VIENNA WV               04/14",-5.02,DEBIT_CARD,2596.08,,
DEBIT,04/15/2016,"KROGER FUEL #3753 PARKERSBURG WV             04/14",-20.01,DEBIT_CARD,2601.10,,
DEBIT,04/14/2016,"CAPITAL ONE      ONLINE PMT 610539919484779 WEB ID: 9279744991",-225.00,ACH_DEBIT,2621.11,,
DEBIT,04/14/2016,"Payment to Chase card ending in 9786 04/14",-240.00,ACCT_XFER,2846.11,,
DEBIT,04/14/2016,"Wal-Mart Super Cente PARKERSBURG ( WV        04/14",-5.35,DEBIT_CARD,3086.11,,
DEBIT,04/14/2016,"WAL-MART #2823 PARKERSBURG ( WV              04/14",-46.91,DEBIT_CARD,3091.46,,
DEBIT,04/14/2016,"DOLLAR TREE #02512 283 PARKERSBURG WV        04/14",-19.19,DEBIT_CARD,3138.37,,
DEBIT,04/14/2016,"SUDDENLINK COMMUNICTN 304-343-3343 WV        04/14",-88.93,DEBIT_CARD,3157.56,,
DEBIT,04/13/2016,"HLU*Hulu 42716429-U HULU.COM/BILL CA         04/12",-11.99,DEBIT_CARD,3246.49,,
DEBIT,04/13/2016,"CAPITAL ONE      ONLINE PMT 610439919395499 WEB ID: 9279744991",-419.07,ACH_DEBIT,3258.48,,
DEBIT,04/13/2016,"CAPITAL ONE      ONLINE PMT 610439919395498 WEB ID: 9279744991",-2492.29,ACH_DEBIT,3677.55,,
DEBIT,04/13/2016,"Online Payment 5325521972 To City of Parkersburg 04/13",-26.29,BILLPAY,6169.84,,
DEBIT,04/13/2016,"Online Payment 5325521963 To PARKERSBURG UTILITY WV 04/13",-83.49,BILLPAY,6196.13,,
DEBIT,04/13/2016,"Payment to Chase card ending in 9786 04/13",-467.69,ACCT_XFER,6279.62,,
DEBIT,04/13/2016,"Payment to Chase card ending in 7433 04/13",-3366.99,ACCT_XFER,6747.31,,
DEBIT,04/12/2016,"WAL-MART #2823 PARKERSBURG ( WV              04/12",-39.54,DEBIT_CARD,10114.30,,
DEBIT,04/12/2016,"Wal-Mart Super Cente PARKERSBURG ( WV        04/12",-70.64,DEBIT_CARD,10153.84,,
DEBIT,04/12/2016,"SAM'S Club VIENNA WV                         04/12",-155.00,DEBIT_CARD,10224.48,,
DEBIT,04/12/2016,"KROGER 1008 LEE STREET BELPRE OH     508321  04/12",-36.46,DEBIT_CARD,10379.48,,
DEBIT,04/12/2016,"EL CAMINO MEXICAN COCI ATHENS OH             04/11",-26.79,DEBIT_CARD,10415.94,,
DEBIT,04/12/2016,"STARBUCKS STORE 02519 COLUMBUS OH            04/11",-7.50,DEBIT_CARD,10442.73,,
DEBIT,04/12/2016,"OSUWMC-P NEURO CP-GAH GAHANNA OH             04/11",-35.00,DEBIT_CARD,10450.23,,
DSLIP,04/12/2016,"DEPOSIT  ID NUMBER 487248",9600.01,DEPOSIT,10485.23,,
DEBIT,04/11/2016,"PAYPAL *NETFLIX.COM 402-935-7733 CA          04/08",-9.99,DEBIT_CARD,885.22,,
DEBIT,04/11/2016,"CAPITAL ONE      ONLINE PMT 610039919240429 WEB ID: 9279744991",-25.00,ACH_DEBIT,895.21,,
DEBIT,04/11/2016,"CAPITAL ONE      ONLINE PMT 610039919240428 WEB ID: 9279744991",-25.00,ACH_DEBIT,920.21,,
DEBIT,04/11/2016,"BARCLAYCARD US   CREDITCARD 365282143       WEB ID: 2510407970",-43.71,ACH_DEBIT,945.21,,
DEBIT,04/11/2016,"CONTAINERSTORECOLUMBUS COLUMBUS OH   110422  04/11",-21.49,DEBIT_CARD,988.92,,
DEBIT,04/11/2016,"FRESH THYME #301 DUBLIN OH           745162  04/11",-11.99,DEBIT_CARD,1010.41,,
DEBIT,04/11/2016,"HOB-LOB #240 2680 Sawm Columbus OH   951515  04/11",-82.03,DEBIT_CARD,1022.40,,
DEBIT,04/11/2016,"Payment to Chase card ending in 9786 04/11",-57.00,ACCT_XFER,1104.43,,
DEBIT,04/11/2016,"SAMS CLUB SAM'S Club VIENNA WV               04/09",-70.42,DEBIT_CARD,1161.43,,
DEBIT,04/11/2016,"SAM'S Club VIENNA WV                         04/09",-1.90,DEBIT_CARD,1231.85,,
DEBIT,04/11/2016,"RITE AID STORE - 1405 PARKERSBURG WV 150703  04/09",-2.33,DEBIT_CARD,1233.75,,
DEBIT,04/11/2016,"PAT CATANS 34 PARKERSB PARKERSBURG WV997199  04/09",-11.63,DEBIT_CARD,1236.08,,
DEBIT,04/11/2016,"OLIVE GARDEN  00012542 PARKERSBURG WV        04/09",-48.10,DEBIT_CARD,1247.71,,
DEBIT,04/11/2016,"ATM WITHDRAWAL                       006062  04/09321 MAIN",-100.00,ATM,1295.81,,
CREDIT,04/11/2016,"AGRI TREAS 310     FED SAL                  PPD ID: 9101036009",1351.29,ACH_CREDIT,1395.81,,
DEBIT,04/08/2016,"THE LITTLE STIRR LLC VIENNA WV               04/07",-5.02,DEBIT_CARD,44.52,,
DEBIT,04/06/2016,"DOLLAR TREE #02512 283 PARKERSBURG WV        04/06",-8.42,DEBIT_CARD,49.54,,
DEBIT,04/05/2016,"BP#6456552PAR MAR #3 PARKERSBURG WV          04/04",-10.00,DEBIT_CARD,57.96,,
DEBIT,04/04/2016,"KOHL'S DEPT STRS CHG PYMT   043000094138276 WEB ID: 9044021343",-25.00,ACH_DEBIT,67.96,,
DEBIT,04/04/2016,"CABELAS VISA     PAYMENTS                   WEB ID: 2470839081",-73.00,ACH_DEBIT,92.96,,
DEBIT,04/04/2016,"RITE AID STORE - 1405 PARKERSBURG WV 295387  04/03",-13.73,DEBIT_CARD,165.96,,
DEBIT,04/04/2016,"BURGER KING #13378 PARKERSBURG WV            04/01",-1.07,DEBIT_CARD,179.69,,
DEBIT,04/01/2016,"PAYPAL *BLIZZARD 402-935-7733 CA             03/30",-14.99,DEBIT_CARD,180.76,,
DEBIT,04/01/2016,"PARKERSBURG RURAL KING PARKERSBURG WV        03/31",-30.45,DEBIT_CARD,195.75,,
DEBIT,04/01/2016,"MOE'S SW GRILL 4788 VIENNA WV                03/31",-20.29,DEBIT_CARD,226.20,,
DEBIT,03/31/2016,"Wal-Mart Super Cente PARKERSBURG ( WV        03/31",-14.92,DEBIT_CARD,246.49,,
DEBIT,03/31/2016,"MOTHER EARTH FO PARKERSBURG WV               03/31",-15.95,DEBIT_CARD,261.41,,
DEBIT,03/31/2016,"Wal-Mart Super Cente PARKERSBURG ( WV        03/31",-14.16,DEBIT_CARD,277.36,,
DEBIT,03/31/2016,"159 DEPT. OF INTERNAL PARKERSBURG WV 080959  03/31",-25.00,DEBIT_CARD,291.52,,
DEBIT,03/30/2016,"WF HOME MTG      AUTO PAY   0042131268      WEB ID: W952318940",-571.26,ACH_DEBIT,316.52,,
DEBIT,03/30/2016,"Wal-Mart Super Cente PARKERSBURG ( WV        03/30",-33.67,DEBIT_CARD,887.78,,
DEBIT,03/30/2016,"DOLLAR TREE #02512 283 PARKERSBURG WV        03/30",-9.56,DEBIT_CARD,921.45,,
DEBIT,03/30/2016,"FIESTA SALONS PARKERSBURG WV                 03/29",-20.00,DEBIT_CARD,931.01,,
DEBIT,03/30/2016,"1875 Great Clips at Ma PARKERSBURG WV        03/29",-17.00,DEBIT_CARD,951.01,,
DEBIT,03/29/2016,"WM SUPERC Wal-Mart S PARKERSBURG ( WV        03/29",-10.00,DEBIT_CARD,968.01,,
DEBIT,03/29/2016,"INMAN FAMILY EYECARE I PARKERSBURG WV269215  03/29",-10.00,DEBIT_CARD,978.01,,
DEBIT,03/28/2016,"GIHON VILLAGE F PARKERSBURG WV               03/28",-6.17,DEBIT_CARD,988.01,,
DEBIT,03/28/2016,"Wal-Mart Super Cente PARKERSBURG ( WV        03/28",-55.23,DEBIT_CARD,994.18,,
DEBIT,03/28/2016,"Payment to Chase card ending in 2079 03/28",-25.00,ACCT_XFER,1049.41,,
DEBIT,03/28/2016,"Online Payment 5288003261 To DOMINION HOPE 03/28",-104.89,BILLPAY,1074.41,,
DEBIT,03/28/2016,"Online Payment 5288003265 To MONONGAHELA POWER 03/28",-110.96,BILLPAY,1179.30,,
DEBIT,03/28/2016,"Payment to Chase card ending in 7433 03/28",-112.00,ACCT_XFER,1290.26,,
DEBIT,03/28/2016,"WM SUPERC Wal-Mart S PARKERSBURG ( WV        03/27",-16.56,DEBIT_CARD,1402.26,,
DEBIT,03/28/2016,"DOLLAR-GENERAL # 2107 PARKERSBURG WV 222045  03/26",-10.75,DEBIT_CARD,1418.82,,
CREDIT,03/28/2016,"AGRI TREAS 310     FED SAL                  PPD ID: 9101036009",1386.29,ACH_CREDIT,1429.57,,
DEBIT,03/24/2016,"WAL-MART #2823 PARKERSBURG WV                03/23",-11.01,DEBIT_CARD,43.28,,
DSLIP,03/23/2016,"Cash Redemption",23.95,DEPOSIT,54.29,,
DEBIT,03/21/2016,"CBS ALL ACCESS 888-274-5343 CA               03/19",-5.99,DEBIT_CARD,30.34,,
DEBIT,03/21/2016,"WAL-MART #2823 PARKERSBURG WV                03/20",-23.44,DEBIT_CARD,36.33,,
DEBIT,03/18/2016,"BIG LOTS STORES 2107 P PARKERSBURG WV554209  03/18",-6.00,DEBIT_CARD,59.77,,
DEBIT,03/18/2016,"BURGER KING #12920 PARKERSBURG WV            03/17",-3.52,DEBIT_CARD,65.77,,
DEBIT,03/17/2016,"KMART 3218 PARKERSBURG WV                    03/17",-3.00,DEBIT_CARD,69.29,,
DEBIT,03/17/2016,"Wal-Mart Super Cente PARKERSBURG ( WV        03/17",-57.33,DEBIT_CARD,72.29,,
DEBIT,03/17/2016,"MCDONALD'S F3615 PARKERSBURG WV              03/16",-11.10,DEBIT_CARD,129.62,,
DEBIT,03/17/2016,"BP#2733608PAR MAR #3 PARKERSBURG WV          03/16",-15.19,DEBIT_CARD,140.72,,
DEBIT,03/16/2016,"NON-CHASE ATM FEE-WITH",-2.50,FEE_TRANSACTION,155.91,,
DEBIT,03/16/2016,"PARENT ONLINE 866-442-6030 TX                03/15",-30.24,DEBIT_CARD,158.41,,
DEBIT,03/16/2016,"MOTORISTS INSURA INS PREM                   PPD ID: 1314259550",-185.09,ACH_DEBIT,188.65,,
DEBIT,03/16/2016,"NON-CHASE ATM WITHDRAW               006704  03/16320 Avery",-63.00,ATM,373.74,,
DEBIT,03/15/2016,"WalMart CC       WM EPAY    1030870964      WEB ID: 9069872103",-25.00,ACH_DEBIT,436.74,,
DEBIT,03/15/2016,"PAYMENT FOR AMZ  STORECARD  1030869744      WEB ID: 9069872103",-35.00,ACH_DEBIT,461.74,,
DEBIT,03/15/2016,"BARCLAYCARD US   CREDITCARD 359561903       WEB ID: 2510407970",-44.93,ACH_DEBIT,496.74,,
DEBIT,03/15/2016,"VZ WIRELESS VE   VZW WEBPAY 1255711         WEB ID: 0000751800",-141.46,ACH_DEBIT,541.67,,
DEBIT,03/15/2016,"CAPITAL ONE AUTO CARPAY     006207526344001 WEB ID: 9541719806",-312.62,ACH_DEBIT,683.13,,
DEBIT,03/15/2016,"KROGER 930 DIVISON ST. PARKERSBURG WV951482  03/15",-5.34,DEBIT_CARD,995.75,,
DEBIT,03/15/2016,"SUDDENLINK COMMUNICTN 304-343-3343 WV        03/15",-88.93,DEBIT_CARD,1001.09,,
DEBIT,03/14/2016,"HLU*Hulu 42716429-U HULU.COM/BILL CA         03/12",-20.98,DEBIT_CARD,1090.02,,
DEBIT,03/14/2016,"CAPITAL ONE      ONLINE PMT 607439919753887 WEB ID: 9279744991",-25.00,ACH_DEBIT,1111.00,,
DEBIT,03/14/2016,"CAPITAL ONE      ONLINE PMT 607439919741470 WEB ID: 9279744991",-120.00,ACH_DEBIT,1136.00,,
DEBIT,03/14/2016,"Online Payment 5260416808 To City of Parkersburg 03/14",-26.29,BILLPAY,1256.00,,
DEBIT,03/14/2016,"Online Payment 5260416797 To PARKERSBURG UTILITY WV 03/14",-78.54,BILLPAY,1282.29,,
DEBIT,03/14/2016,"Payment to Chase card ending in 9786 03/14",-25.00,ACCT_XFER,1360.83,,
DEBIT,03/14/2016,"DOLLAR-GENERAL # 2107 PARKERSBURG WV 820027  03/14",-5.19,DEBIT_CARD,1385.83,,
DEBIT,03/14/2016,"DOLLAR-GE 2107 PIKE ST PARKERSBURG WV        03/14",-22.15,DEBIT_CARD,1391.02,,
CREDIT,03/14/2016,"AGRI TREAS 310     FED SAL                  PPD ID: 9101036009",1386.29,ACH_CREDIT,1413.17,,
DEBIT,03/10/2016,"PP*FACEBOOK 402-935-7733 CA                  03/09",-0.99,DEBIT_CARD,26.88,,
DEBIT,03/10/2016,"RITE AID STORE - 1473 VIENNA WV      633849  03/10",-15.88,DEBIT_CARD,27.87,,
DEBIT,03/10/2016,"DOLLAR TREE #02512 283 PARKERSBURG WV        03/10",-13.91,DEBIT_CARD,43.75,,
DEBIT,03/09/2016,"PAYPAL *NETFLIX.COM 402-935-7733 CA          03/08",-9.99,DEBIT_CARD,57.66,,
CREDIT,03/09/2016,"CAPITAL ONE N.A. CAPITALONE                 PPD ID: 1510394779",50.00,ACH_CREDIT,67.65,,
DEBIT,03/08/2016,"PAR MAR #3 PARKERSBURG WV                    03/08",-3.64,DEBIT_CARD,17.65,,
DEBIT,03/07/2016,"PP*FACEBOOK 402-935-7733 CA                  03/06",-2.00,DEBIT_CARD,21.29,,
DEBIT,03/07/2016,"WAL-MART #2823 PARKERSBURG ( WV              03/07",-44.82,DEBIT_CARD,23.29,,
DEBIT,03/07/2016,"WM SUPERC Wal-Mart Sup VIENNA WV             03/07",-30.62,DEBIT_CARD,68.11,,
DEBIT,03/07/2016,"PAR MAR #3 PARKERSBURG WV                    03/07",-9.16,DEBIT_CARD,98.73,,
DEBIT,03/07/2016,"PAPA JOHN'S #00326.CO 304-428-4400 WV        03/07",-21.11,DEBIT_CARD,107.89,,
DEBIT,03/07/2016,"BURGER KING #13378 PARKERSBURG WV            03/04",-13.55,DEBIT_CARD,129.00,,
DEBIT,03/04/2016,"PP*FACEBOOK 402-935-7733 CA                  03/03",-9.99,DEBIT_CARD,142.55,,
DEBIT,03/04/2016,"142 GARY PETTY MD MARIETTA OH                03/03",-25.00,DEBIT_CARD,152.54,,
DEBIT,03/03/2016,"WF HOME MTG      AUTO PAY   0042131268      WEB ID: W952318940",-571.26,ACH_DEBIT,177.54,,
DEBIT,03/03/2016,"Wal-Mart Super Cente PARKERSBURG ( WV        03/03",-49.85,DEBIT_CARD,748.80,,
DEBIT,03/02/2016,"KOHL'S DEPT STRS CHG PYMT   043000093701084 WEB ID: 9044021343",-25.00,ACH_DEBIT,798.65,,
DEBIT,03/02/2016,"CABELAS VISA     PAYMENTS                   WEB ID: 2470839081",-85.00,ACH_DEBIT,823.65,,
DEBIT,03/02/2016,"WM SUPERC Wal-Mart S PARKERSBURG ( WV        03/02",-101.76,DEBIT_CARD,908.65,,
DEBIT,03/02/2016,"PAPA JOHN'S #00326.CO 304-428-4400 WV        03/02",-21.11,DEBIT_CARD,1010.41,,
DEBIT,03/01/2016,"PAYPAL *BLIZZARD 402-935-7733 CA             02/28",-14.99,DEBIT_CARD,1031.52,,
DEBIT,03/01/2016,"CAPITAL ONE      ONLINE PMT 606139919619146 WEB ID: 9279744991",-25.00,ACH_DEBIT,1046.51,,
DEBIT,03/01/2016,"Payment to Chase card ending in 7433 03/01",-115.00,ACCT_XFER,1071.51,,
DEBIT,03/01/2016,"Online Payment 5231300383 To DOMINION HOPE 03/01",-116.93,BILLPAY,1186.51,,
DEBIT,03/01/2016,"Payment to Chase card ending in 2079 03/01",-25.00,ACCT_XFER,1303.44,,
DEBIT,03/01/2016,"Payment to Chase card ending in 9786 03/01",-70.00,ACCT_XFER,1328.44,,
DEBIT,02/29/2016,"BP#2733608PAR MAR #3 PARKERSBURG WV          02/26",-11.57,DEBIT_CARD,1398.44,,
CREDIT,02/29/2016,"AGRI TREAS 310     FED SAL                  PPD ID: 9101036009",1386.29,ACH_CREDIT,1410.01,,
DEBIT,02/24/2016,"BP#2733608PAR MAR #3 PARKERSBURG WV          02/23",-4.48,DEBIT_CARD,23.72,,
DEBIT,02/23/2016,"DOLLAR TREE #02512 283 PARKERSBURG WV        02/23",-14.28,DEBIT_CARD,28.20,,
DEBIT,02/23/2016,"SALLY BEAUTY #0643 VIENNA WV                 02/22",-31.38,DEBIT_CARD,42.48,,
DEBIT,02/22/2016,"CBS ALL ACCESS 888-274-5343 CA               02/19",-5.99,DEBIT_CARD,73.86,,
DEBIT,02/22/2016,"LITTLE CAESARS 0242 00 PARKERSBURG WV        02/21",-14.65,DEBIT_CARD,79.85,,
DEBIT,02/22/2016,"GIHON VILLAGE F PARKERSBURG WV               02/21",-15.34,DEBIT_CARD,94.50,,
DEBIT,02/22/2016,"PAR MAR #3 PARKERSBURG WV                    02/21",-5.66,DEBIT_CARD,109.84,,
DEBIT,02/19/2016,"WalMart CC       WM EPAY    1013584728      WEB ID: 9069872103",-25.00,ACH_DEBIT,115.50,,
DEBIT,02/19/2016,"PP*MANDOSSTUDI 402-935-2244 WV               02/18",-30.00,DEBIT_CARD,140.50,,
DEBIT,02/18/2016,"PARENT ONLINE 866-442-6030 TX                02/17",-22.68,DEBIT_CARD,170.50,,
DEBIT,02/18/2016,"FIESTA SALONS PARKERSBURG WV                 02/17",-30.00,DEBIT_CARD,193.18,,
DEBIT,02/17/2016,"PAYMENT FOR AMZ  STORECARD  1013585649      WEB ID: 9069872103",-35.00,ACH_DEBIT,223.18,,
DEBIT,02/17/2016,"VZ WIRELESS VE   VZW WEBPAY 6027596         WEB ID: 0000751800",-141.46,ACH_DEBIT,258.18,,
DEBIT,02/17/2016,"RITE AID STORE - 1405 PARKERSBURG WV 491611  02/17",-21.95,DEBIT_CARD,399.64,,
DEBIT,02/17/2016,"WM SUPERC Wal-Mart S PARKERSBURG ( WV        02/17",-63.67,DEBIT_CARD,421.59,,
DEBIT,02/17/2016,"SUDDENLINK COMMUNICTN 304-343-3343 WV        02/17",-85.40,DEBIT_CARD,485.26,,
DEBIT,02/17/2016,"1875 Great Clips at Ma PARKERSBURG WV        02/16",-35.00,DEBIT_CARD,570.66,,
DEBIT,02/16/2016,"HLU*Hulu 42716429-U HULU.COM/BILL CA         02/12",-20.98,DEBIT_CARD,605.66,,
DEBIT,02/16/2016,"CAPITAL ONE      ONLINE PMT 604739919471069 WEB ID: 9279744991",-25.00,ACH_DEBIT,626.64,,
DEBIT,02/16/2016,"CAPITAL ONE      ONLINE PMT 604739919459470 WEB ID: 9279744991",-105.00,ACH_DEBIT,651.64,,
DEBIT,02/16/2016,"MOTORISTS INSURA INS PREM                   PPD ID: 1314259550",-224.87,ACH_DEBIT,756.64,,
DEBIT,02/16/2016,"Payment to Chase card ending in 9786 02/16",-25.00,ACCT_XFER,981.51,,
DEBIT,02/16/2016,"Online Payment 5200683661 To City of Parkersburg 02/16",-26.29,BILLPAY,1006.51,,
DEBIT,02/16/2016,"Online Payment 5200683654 To PARKERSBURG UTILITY WV 02/16",-96.27,BILLPAY,1032.80,,
DEBIT,02/16/2016,"Online Payment 5200683639 To Gymniks Gymnastics 02/16",-81.00,BILLPAY,1129.07,,
DEBIT,02/16/2016,"Online Payment 5200683651 To MONONGAHELA POWER 02/16",-110.99,BILLPAY,1210.07,,
DEBIT,02/16/2016,"WM SUPERC Wal-Mart S PARKERSBURG ( WV        02/16",-49.48,DEBIT_CARD,1321.06,,
CREDIT,02/16/2016,"AGRI TREAS 310     FED SAL                  PPD ID: 9101036009",1329.47,ACH_CREDIT,1370.54,,
DEBIT,02/11/2016,"DOLLAR TREE #02512 283 PARKERSBURG WV        02/11",-6.14,DEBIT_CARD,41.07,,
DEBIT,02/09/2016,"PAYPAL *NETFLIX.COM 402-935-7733 CA          02/08",-9.99,DEBIT_CARD,47.21,,
DEBIT,02/09/2016,"CLARK 2765 PARKERSBURG WV                    02/08",-7.46,DEBIT_CARD,57.20,,
DEBIT,02/08/2016,"CLARK 2765 PARKERSBURG WV            344531  02/08",-10.58,DEBIT_CARD,64.66,,
DEBIT,02/05/2016,"BURGER KING #12920 PARKERSBURG WV            02/04",-3.73,DEBIT_CARD,75.24,,
DEBIT,02/05/2016,"1875 Great Clips at Ma PARKERSBURG WV        02/04",-14.00,DEBIT_CARD,78.97,,
DEBIT,02/04/2016,"WF HOME MTG      AUTO PAY   0042131268      WEB ID: W952318940",-571.26,ACH_DEBIT,92.97,,
DEBIT,02/04/2016,"WM SUPERC Wal-Mart S PARKERSBURG ( WV        02/04",-45.80,DEBIT_CARD,664.23,,
DEBIT,02/04/2016,"KFC J625182   29551793 PARKERSBURG WV        02/03",-4.68,DEBIT_CARD,710.03,,
DEBIT,02/03/2016,"KOHL'S DEPT STRS CHG PYMT   043000097332066 WEB ID: 9044021343",-25.00,ACH_DEBIT,714.71,,
DEBIT,02/03/2016,"CABELAS VISA     PAYMENTS                   WEB ID: 2470839081",-74.00,ACH_DEBIT,739.71,,
DEBIT,02/03/2016,"DOLLAR TREE #02512 283 PARKERSBURG WV        02/03",-10.10,DEBIT_CARD,813.71,,
DEBIT,02/03/2016,"PAT CATANS 34 PARKERSB PARKERSBURG WV341443  02/03",-24.44,DEBIT_CARD,823.81,,
DEBIT,02/02/2016,"CAPITAL ONE      ONLINE PMT 603339919474159 WEB ID: 9279744991",-25.00,ACH_DEBIT,848.25,,
DEBIT,02/02/2016,"Payment to Chase card ending in 7433 02/02",-25.00,ACCT_XFER,873.25,,
DEBIT,02/02/2016,"TRACTOR SUPPLY # 101 T PARKERSBURG WV933605  02/02",-14.83,DEBIT_CARD,898.25,,
DEBIT,02/02/2016,"WAL-MART #2823 PARKERSBURG ( WV              02/02",-57.48,DEBIT_CARD,913.08,,
DEBIT,02/01/2016,"PAYPAL *BLIZZARD 402-935-7733 CA             01/30",-14.99,DEBIT_CARD,970.56,,
DEBIT,02/01/2016,"SAMS CLUB SAM'S Club VIENNA WV               02/01",-20.00,DEBIT_CARD,985.55,,
DEBIT,02/01/2016,"GIHON VILLAGE F PARKERSBURG WV               01/31 Purchase $14.64 Cash Back $20.00",-34.64,DEBIT_CARD,1005.55,,
DEBIT,02/01/2016,"DUNKIN #350517     Q35 PARKERSBURG WV        01/31",-2.99,DEBIT_CARD,1040.19,,
DEBIT,02/01/2016,"Payment to Chase card ending in 7433 02/01",-116.00,ACCT_XFER,1043.18,,
DEBIT,02/01/2016,"Payment to Chase card ending in 2079 02/01",-25.00,ACCT_XFER,1159.18,,
DEBIT,02/01/2016,"KROGER 1008 LEE STREET BELPRE OH     609088  01/30",-170.89,DEBIT_CARD,1184.18,,
DEBIT,02/01/2016,"GIHON VILLAGE F PARKERSBURG WV               01/30",-15.72,DEBIT_CARD,1355.07,,
CREDIT,02/01/2016,"AGRI TREAS 310     FED SAL                  PPD ID: 9101036009",1329.47,ACH_CREDIT,1370.79,,
DEBIT,01/28/2016,"THE PIZZA PLACE SOUTH PARKERSBURG WV         01/26",-5.90,DEBIT_CARD,41.32,,
DEBIT,01/27/2016,"SONIC DRIVE IN #5849 PARKERSBURG WV          01/26",-4.37,DEBIT_CARD,47.22,,
DEBIT,01/26/2016,"RITE AID STORE - 1405 PARKERSBURG WV 389033  01/26",-10.00,DEBIT_CARD,51.59,,
DEBIT,01/25/2016,"THIRD STREET DELI - PA PARKERSBURG WV        01/22",-4.77,DEBIT_CARD,61.59,,
DEBIT,01/21/2016,"CBS ALL ACCESS 888-274-5343 CA               01/19",-5.99,DEBIT_CARD,66.36,,
DEBIT,01/21/2016,"WAL-MART #2823 PARKERSBURG ( WV              01/21",-29.69,DEBIT_CARD,72.35,,
DEBIT,01/21/2016,"DOLLAR-GE 2500 GRAND C VIENNA WV             01/21",-21.47,DEBIT_CARD,102.04,,
DEBIT,01/21/2016,"KROGER 930 DIVISON ST. PARKERSBURG WV549794  01/21",-38.59,DEBIT_CARD,123.51,,
DEBIT,01/21/2016,"TITANIC BRANSON ONLINE 800-3817670 MO        01/20",-15.94,DEBIT_CARD,162.10,,
DEBIT,01/20/2016,"PARENT ONLINE 866-442-6030 TX                01/19",-34.02,DEBIT_CARD,178.04,,
DEBIT,01/20/2016,"TRACTOR SUPPLY # 101 T PARKERSBURG WV710737  01/20",-25.42,DEBIT_CARD,212.06,,
DEBIT,01/20/2016,"NAPOLI'S PIZZA BELPRE OH                     01/19",-20.33,DEBIT_CARD,237.48,,
DEBIT,01/20/2016,"MARATHON PETRO014654TO PARKERSBURG WV        01/18",-20.00,DEBIT_CARD,257.81,,
DEBIT,01/19/2016,"CAPITAL ONE      ONLINE PMT 601839919655979 WEB ID: 9279744991",-25.00,ACH_DEBIT,277.81,,
DEBIT,01/19/2016,"PAYMENT FOR AMZ  STORECARD  995020290       WEB ID: 9069872103",-35.00,ACH_DEBIT,302.81,,
DEBIT,01/19/2016,"CAPITAL ONE      ONLINE PMT 601839919655980 WEB ID: 9279744991",-100.00,ACH_DEBIT,337.81,,
DEBIT,01/19/2016,"VZ WIRELESS VE   VZW WEBPAY 8449147         WEB ID: 0000751800",-141.46,ACH_DEBIT,437.81,,
DEBIT,01/19/2016,"MOTORISTS INSURA INS PREM                   PPD ID: 1314259550",-224.87,ACH_DEBIT,579.27,,
DEBIT,01/19/2016,"KROGER 930 DIVISON ST. PARKERSBURG WV754227  01/19",-5.34,DEBIT_CARD,804.14,,
DEBIT,01/19/2016,"CLARK 2765 PARKERSBURG WV                    01/18",-20.23,DEBIT_CARD,809.48,,
DEBIT,01/19/2016,"Online Payment 5138482877 To Gymniks Gymnastics 01/19",-81.00,BILLPAY,829.71,,
DEBIT,01/19/2016,"Online Payment 5138466253 To DOMINION HOPE 01/19",-82.36,BILLPAY,910.71,,
DEBIT,01/19/2016,"Online Payment 5138466260 To MONONGAHELA POWER 01/19",-109.99,BILLPAY,993.07,,
DEBIT,01/19/2016,"SUDDENLINK COMMUNICTN 304-343-3343 WV        01/19",-85.34,DEBIT_CARD,1103.06,,
DEBIT,01/19/2016,"Online Payment 5137979684 To City of Parkersburg 01/19",-31.55,BILLPAY,1188.40,,
DEBIT,01/19/2016,"Online Payment 5137979677 To PARKERSBURG UTILITY WV 01/19",-85.23,BILLPAY,1219.95,,
DEBIT,01/19/2016,"Online Payment 5137975871 To Jason Roush DDS, Inc. 01/19",-16.00,BILLPAY,1305.18,,
DEBIT,01/19/2016,"BURGER KING #12920 PARKERSBURG WV            01/17",-4.90,DEBIT_CARD,1321.18,,
DEBIT,01/19/2016,"DOLLAR TREE #00924 130 PARKERSBURG WV        01/16",-16.63,DEBIT_CARD,1326.08,,
DEBIT,01/19/2016,"ONCE UPON A CHILD PARKERBURG WV              01/16",-9.63,DEBIT_CARD,1342.71,,
DEBIT,01/19/2016,"DOLLAR-GENERAL # 2107 PARKERSBURG WV 349825  01/16",-8.01,DEBIT_CARD,1352.34,,
DEBIT,01/19/2016,"Payment to Chase card ending in 9786 01/19",-25.00,ACCT_XFER,1360.35,,
CREDIT,01/19/2016,"AGRI TREAS 310     FED SAL                  PPD ID: 9101036009",1321.54,ACH_CREDIT,1385.35,,
CREDIT,01/14/2016,"CAPITAL ONE N.A. CAPITALONE                 PPD ID: 1510394779",50.00,ACH_CREDIT,63.81,,
DEBIT,01/13/2016,"MCDONALD'S F3615 PARKERSBURG WV              01/12",-9.16,DEBIT_CARD,13.81,,
DEBIT,01/12/2016,"HLU*Hulu 42716429-U HULU.COM/BILL CA         01/12",-20.98,DEBIT_CARD,22.97,,
DEBIT,01/12/2016,"KOHL'S DEPT STRS CHG PYMT   043000099370316 WEB ID: 9044021343",-25.00,ACH_DEBIT,43.95,,
DEBIT,01/11/2016,"PAYPAL *NETFLIX.COM 402-935-7733 CA          01/08",-9.99,DEBIT_CARD,68.95,,
DEBIT,01/11/2016,"PAR MAR #3 PARKERSBURG WV                    01/10",-21.34,DEBIT_CARD,78.94,,
DEBIT,01/11/2016,"Wal-Mart Super Cente PARKERSBURG ( WV        01/10",-20.29,DEBIT_CARD,100.28,,
DEBIT,01/11/2016,"BLIZZARD ENT*WOW SUB BLIZZARD.COM CA         01/10",-14.99,DEBIT_CARD,120.57,,
DEBIT,01/11/2016,"OLLIES BARGAIN OUTLET PARKERSBURG WV 554402  01/09",-4.27,DEBIT_CARD,135.56,,
DEBIT,01/11/2016,"CLARK 2765 PARKERSBURG WV            161516  01/09",-7.21,DEBIT_CARD,139.83,,
DEBIT,01/08/2016,"PAR MAR #3 PARKERSBURG WV                    01/08",-9.00,DEBIT_CARD,147.04,,
DEBIT,01/08/2016,"WAL-MART #2823 PARKERSBURG ( WV              01/08",-49.21,DEBIT_CARD,156.04,,
DEBIT,01/08/2016,"BURGER KING #12920 PARKERSBURG WV            01/07",-4.59,DEBIT_CARD,205.25,,
DEBIT,01/07/2016,"PET SUPPLIES PLUS #153 VIENNA WV     564181  01/07",-10.66,DEBIT_CARD,209.84,,
DEBIT,01/07/2016,"Wal-Mart Super Cente PARKERSBURG ( WV        01/07",-25.33,DEBIT_CARD,220.50,,
DEBIT,01/07/2016,"CLARK 2765 PARKERSBURG WV                    01/06",-28.82,DEBIT_CARD,245.83,,
DEBIT,01/07/2016,"CAPTAIN DS 35500035519 PARKERSBURG WV        01/06",-4.79,DEBIT_CARD,274.65,,
DEBIT,01/06/2016,"PAR MAR #3 PARKERSBURG WV                    01/06",-6.24,DEBIT_CARD,279.44,,
DEBIT,01/05/2016,"WF HOME MTG      AUTO PAY   0042131268      WEB ID: W952318940",-571.26,ACH_DEBIT,285.68,,
DEBIT,01/05/2016,"Audible 888-283-5051 NJ                      01/05",-14.95,DEBIT_CARD,856.94,,
DEBIT,01/05/2016,"SALLY BEAUTY #0643 VIENNA WV                 01/04",-23.49,DEBIT_CARD,871.89,,
DEBIT,01/05/2016,"MCDONALD'S F3615 PARKERSBURG WV              01/04",-2.24,DEBIT_CARD,895.38,,
DEBIT,01/04/2016,"PAYPAL *BLIZZARD 402-935-7733 CA             12/30",-14.99,DEBIT_CARD,897.62,,
DEBIT,01/04/2016,"CABELAS VISA     PAYMENTS                   WEB ID: 2470839081",-74.00,ACH_DEBIT,912.61,,
DEBIT,01/04/2016,"DOLLAR TREE #02512 283 PARKERSBURG WV        01/04",-11.24,DEBIT_CARD,986.61,,
DEBIT,01/04/2016,"TRACTOR SUPPLY # 101 T PARKERSBURG WV636068  01/04",-14.83,DEBIT_CARD,997.85,,
DEBIT,01/04/2016,"WM SUPERC Wal-Mart S PARKERSBURG ( WV        01/04",-17.24,DEBIT_CARD,1012.68,,
DEBIT,01/04/2016,"BIG LOTS #00186 2107 P PARKERSBURG WV533825  01/04",-9.68,DEBIT_CARD,1029.92,,
DEBIT,01/04/2016,"BP#2733608PAR MAR #3 PARKERSBURG WV          01/03",-12.97,DEBIT_CARD,1039.60,,
DEBIT,01/04/2016,"Wal-Mart Super Cente PARKERSBURG ( WV        01/03",-9.91,DEBIT_CARD,1052.57,,
DEBIT,01/04/2016,"KROGER 930 DIVISON ST. PARKERSBURG WV434806  01/03",-6.47,DEBIT_CARD,1062.48,,
DEBIT,01/04/2016,"KROGER 1008 LEE STREET BELPRE OH     642695  01/03",-24.03,DEBIT_CARD,1068.95,,
DEBIT,01/04/2016,"RITE AID STORE - 1405 PARKERSBURG WV         01/02 Purchase $9.32 Cash Back $10.00",-19.32,DEBIT_CARD,1092.98,,
DEBIT,01/04/2016,"WM SUPERC Wal-Mart S PARKERSBURG ( WV        01/01",-98.08,DEBIT_CARD,1112.30,,
DEBIT,01/04/2016,"Payment to Chase card ending in 7433 01/04",-114.00,ACCT_XFER,1210.38,,
DEBIT,01/04/2016,"Payment to Chase card ending in 2079 01/04",-25.00,ACCT_XFER,1324.38,,
CREDIT,01/04/2016,"AGRI TREAS 310     FED SAL                  PPD ID: 9101036009",1321.54,ACH_CREDIT,1349.38,,
DEBIT,12/31/2015,"KFC J625182   29551793 PARKERSBURG WV        12/30",-3.30,DEBIT_CARD,27.84,,
DEBIT,12/28/2015,"PAT CATANS 34 PARKERSB PARKERSBURG WV587231  12/26",-7.76,DEBIT_CARD,31.14,,
DEBIT,12/28/2015,"CRICUT 877-343-2881 CA                       12/26",-9.99,DEBIT_CARD,38.90,,
DEBIT,12/28/2015,"SHELL OIL 57444964100 PARKERSBURG WV         12/24",-15.01,DEBIT_CARD,48.89,,
DEBIT,12/28/2015,"BWW PARKERSBURG PARKERSBURG OH               12/23",-31.44,DEBIT_CARD,63.90,,
DEBIT,12/24/2015,"MCDONALD'S F3615 PARKERSBURG WV              12/23",-6.06,DEBIT_CARD,95.34,,
DEBIT,12/23/2015,"FAMILY DOLLAR # PARKERSBURG WV               12/23",-41.39,DEBIT_CARD,101.40,,
DEBIT,12/23/2015,"SHELL OIL 57444964100 PARKERSBURG WV         12/22",-25.00,DEBIT_CARD,142.79,,
DEBIT,12/22/2015,"CAPITAL ONE N.A. CAPITALONE 000000178473053 WEB ID: 1510394779",-275.00,ACH_DEBIT,167.79,,
DEBIT,12/22/2015,"BURGER KING #12920 PARKERSBURG WV            12/21",-2.45,DEBIT_CARD,442.79,,
DEBIT,12/21/2015,"CBS ALL ACCESS 888-274-5343 CA               12/19",-5.99,DEBIT_CARD,445.24,,
DEBIT,12/21/2015,"CAPITAL ONE      ONLINE PMT 535239919753365 WEB ID: 9279744991",-25.00,ACH_DEBIT,451.23,,
DEBIT,12/21/2015,"PAYMENT FOR AMZ  STORECARD  976203605       WEB ID: 9069872103",-35.00,ACH_DEBIT,476.23,,
DEBIT,12/21/2015,"CAPITAL ONE      ONLINE PMT 535239919739975 WEB ID: 9279744991",-100.00,ACH_DEBIT,511.23,,
DEBIT,12/21/2015,"VZ WIRELESS VE   VZW WEBPAY 8344219         WEB ID: 0000751800",-141.34,ACH_DEBIT,611.23,,
DEBIT,12/21/2015,"SAMSCLUB #6373 VIENNA WV                     12/21",-3.62,DEBIT_CARD,752.57,,
DEBIT,12/21/2015,"PAT CATANS 34 PARKERSB PARKERSBURG WV084890  12/21",-37.34,DEBIT_CARD,756.19,,
DEBIT,12/21/2015,"TOYS R US #8367 VIENNA WV                    12/21",-10.69,DEBIT_CARD,793.53,,
DEBIT,12/21/2015,"WM SUPERC Wal-Mart S PARKERSBURG ( WV        12/21",-9.80,DEBIT_CARD,804.22,,
DEBIT,12/21/2015,"WM SUPERC Wal-Mart S PARKERSBURG ( WV        12/21",-49.16,DEBIT_CARD,814.02,,
DEBIT,12/21/2015,"GIHON VILLAGE F PARKERSBURG WV               12/20",-5.99,DEBIT_CARD,863.18,,
DEBIT,12/21/2015,"TRACTOR SUPPLY # 101 T PARKERSBURG WV615391  12/20",-14.83,DEBIT_CARD,869.17,,
DEBIT,12/21/2015,"WAL-MART #2823 PARKERSBURG WV                12/20",-73.87,DEBIT_CARD,884.00,,
DEBIT,12/21/2015,"RITE AID STORE - 1405 PARKERSBURG WV 236337  12/19",-38.42,DEBIT_CARD,957.87,,
DEBIT,12/21/2015,"BWW PARKERSBURG PARKERSBURG OH               12/18",-31.44,DEBIT_CARD,996.29,,
DEBIT,12/21/2015,"SUDDENLINK COMMUNICTN 304-343-3343 WV        12/20",-85.34,DEBIT_CARD,1027.73,,
DEBIT,12/21/2015,"BURGER KING #12920 PARKERSBURG WV            12/19",-3.51,DEBIT_CARD,1113.07,,
DEBIT,12/18/2015,"Online Payment 5076699014 To City of Parkersburg 12/18",-26.29,BILLPAY,1116.58,,
DEBIT,12/18/2015,"Online Payment 5076698974 To DOMINION HOPE 12/18",-58.54,BILLPAY,1142.87,,
DEBIT,12/18/2015,"Online Payment 5076699001 To PARKERSBURG UTILITY WV 12/18",-84.71,BILLPAY,1201.41,,
DEBIT,12/18/2015,"Online Payment 5076698993 To MONONGAHELA POWER 12/18",-87.88,BILLPAY,1286.12,,
CREDIT,12/18/2015,"AGRI TREAS 310     FED SAL                  PPD ID: 9101036009",1320.77,ACH_CREDIT,1374.00,,
CREDIT,12/17/2015,"CAPITAL ONE N.A. CAPITALONE                 PPD ID: 1510394779",50.00,ACH_CREDIT,53.23,,
DEBIT,12/16/2015,"MOTORISTS INSURA INS PREM                   PPD ID: 1314259550",-248.04,ACH_DEBIT,3.23,,
DEBIT,12/16/2015,"MEDEXPRESS UC S PARKER PARKERSBURG WV        12/15",-35.00,DEBIT_CARD,251.27,,
